3000 5268
345 221 433 316 158
703 255 758 314 ns
794 254 929 314 curro
963 256 1084 316 carc.
1137 278 1138 281 ι

336 455 545 542 munitum3
564 459 691 528 tamen
709 455 811 530 bunc
830 455 974 530 duabus
991 481 1037 530 ex
1052 457 1219 556 partibus
1232 456 1438 556 obpugnare

337 573 545 648 contendit.
596 574 757 662 Hostes,
783 573 981 672 paullisper
1008 576 1165 664 morati,
1191 573 1356 648 militum
1381 599 1439 644 no·

191 779 195 790 ,
335 696 504 762 atrorum
528 692 699 789 inpetum
724 715 798 762 non
827 687 993 762 tulerunt
1014 713 1165 788 seseque
1187 689 1258 762 alia
1282 695 1440 788 exparte

338 803 464 901 oppidi
490 803 691 878 eiecerunt.
755 803 912 906 Magnus
938 805 989 877 ibi
1014 827 1193 876 numerus
1220 805 1368 902 pecoris
1391 828 1440 874 re-

335 923 490 1016 pertus,
516 917 700 1018 multique
734 919 773 992 in
810 917 896 1019 luga
931 923 1020 994 sunt
1051 919 1315 1018 comprehensi
1342 925 1440 1015 atque

332 1029 535 1106 interfecti.

390 1167 452 1220 ιι.
489 1149 590 1222 Dum
624 1147 767 1222 baec'
757 1174 795 1222 ιιι
830 1149 886 1224 bis
913 1147 1004 1224 locis
1031 1151 1242 1250 geruntur,
1267 1145 1441 1222 Cassivel-

333 1259 469 1338 launus
495 1265 541 1338 ad
569 1266 776 1350 Cantium,
809 1265 910 1365 quod
937 1289 1015 1339 esse
1041 1263 1088 1338 ad
1116 1287 1218 1338 mare
1245 1288 1362 1365 supra
1387 1264 1441 1335 de-

332 1380 644 1469 monstravimus,
662 1380 796 1477 quibus
814 1381 1026 1480 regionibus
1044 1385 1208 1478 quatuor
1226 1403 1335 1479 reges
1353 1399 1441 1477 prae·

333 1498 463 1581 eraut,
479 1489 717 1592 Cingetorix,
733 1495 932 1580 Carvilius,
952 1494 1242 1594 Taxirnagulus,
1261 1497 1440 1594 Segouax,

333 1611 491 1681 nuncios
518 1610 638 1684 mittit
664 1617 776 1709 atque
802 1611 858 1684 bis
883 1611 1064 1712 imperat,
1093 1613 1171 1701 uti,
1195 1613 1342 1684 coactis
1368 1631 1441 1680 um·

334 1725 445 1796 nibus
471 1727 607 1824 copiis,
633 1733 755 1800 eastra
781 1725 928 1802 navalia
954 1726 999 1800 de
1016 1727 1207 1826 inproviso
1230 1727 1439 1828 adoriantur

332 1848 448 1938 atque
474 1844 702 1942 obpugnent.
754 1845 785 1918 li
811 1869 897 1918 cum
925 1841 973 1916 ed
999 1851 1121 1918 castra
1147 1845 1362 1932 venissent,
1387 1867 1440 1913 no·

334 1963 421 2048 stri,
437 1961 631 2058 eruptione
650 1959 770 2051 facte,
788 1958 916 2033 multis
933 1983 1064 2034 eorum
1087 1959 1317 2053 interfectis,
1339 1965 1438 2058 capto

228 2159 231 2170 Δ
334 2076 449 2150 etiem
477 2075 589 2150 nobili
617 2077 711 2151 duce
736 2077 989 2178 Lugotorige,
1028 2101 1115 2150 suos
1148 2076 1358 2152 incolumes
1388 2102 1438 2148 re-

334 2192 535 2268 duxerunt.
561 2191 880 2286 Cassivellaunus,
905 2191 977 2264 hoc
1004 2191 1143 2291 proelio
1171 2174 1373 2284 nunciato,
1389 2197 1439 2266 tot

334 2309 569 2388 detrimentis
596 2309 779 2408 acceptis,
805 2309 960 2389 vastatis
977 2309 1133 2400 finibus,
1152 2314 1316 2388 maxime
1336 2314 1437 2386 etiarn

333 2433 528 2523 permotus
555 2423 763 2498 defectione
788 2423 1027 2514 civitatium,
1065 2423 1208 2526 legatos
1241 2453 1311 2526 per
1337 2430 1437 2502 Atre-

330 2537 460 2614 batem
487 2538 702 2613 Commium
728 2536 775 2610 de
801 2535 987 2611 deditione
1014 2536 1062 2610 ad
1092 2539 1286 2613 Caesarem
1317 2541 1437 2614 mittit

332 2652 492 2746 Caesar,
519 2675 638 2753 quum
663 2652 873 2743 statuisset,
900 2653 1062 2730 hiemem
1078 2653 1115 2729 in
1136 2657 1345 2730 continenti
1365 2679 1438 2754 pro

331 2776 416 2868 pter
440 2769 651 2868 repentinos
679 2765 821 2840 Galliae
847 2775 974 2842 motus
991 2791 1125 2868 agere,
1146 2793 1264 2868 neque
1283 2769 1436 2842 multum

243 2909 246 2916 ¹
332 2884 485 2956 aestatis
512 2868 719 2982 superesset
745 2887 856 2980 atque
882 2883 920 2956 id
947 2881 1053 2955 facile
1081 2883 1226 2958 extrahi
1254 2907 1360 2981 posse
1389 2881 1438 2951 in·

330 2997 549 3099 tellegeret,
582 2995 727 3070 obsides
759 2997 919 3095 imperat
951 3003 990 3071 et
1025 2998 1114 3095 quid
1144 3001 1182 3072 in
1218 3023 1336 3072 annos
1369 2997 1435 3068 sin-

332 3110 439 3212 gulos
468 3109 659 3212 vectigalis
685 3109 827 3210 Populo
853 3113 1024 3184 Romano
1042 3113 1233 3186 Britannia
1252 3112 1435 3212 penderet,

332 3229 547 3304 constituit:
578 3226 771 3300 interdicit
796 3233 909 3325 atque
944 3228 1102 3327 imperat
1136 3229 1434 3310 Cassiuellauno,

336 3367 383 3415 ne
409 3341 696 3430 Mandubratio,
724 3365 795 3413 neu
823 3343 1116 3416 Trinobantibus
1141 3343 1281 3437 bellum
1309 3343 1424 3414 faciat

384 3457 446 3532 23.
472 3457 673 3532 Obsidibus
700 3457 888 3554 acceptis,
914 3462 1119 3532 exercitum
1137 3461 1281 3536 reducit
1296 3461 1345 3534 ad
1365 3481 1434 3530 ma·

332 3599 373 3652 re
387 3632 399 3670 ,
426 3599 541 3650 naves
564 3575 710 3648 invenit
736 3574 907 3647 relectas.
967 3575 1034 3648 His
1060 3575 1255 3667 deductis,
1282 3575 1386 3676 quod¹
1403 3575 1435 3644 et

366 3829 565 3914 capparim
586 3829 692 3951 ι3.ω.Μ
924 3830 1015 3885 ducem
1032 3831 1310 3904 mgedistiugnsre.

434 3893 1432 4020 rar.Nmurrmrnrsaneedirrrtar.cmurer.,2141.dl.

349 3905 466 4018 'lippam
494 3917 793 4034 tffdhfflmtm'dp
1039 3986 1202 4049 err-ugera.
1238 3937 1419 4021 Aliibr'erbor·

926 4041 1204 4154 huone
1174 4034 1318 4091 rnGellis.
1336 4037 1433 4098 erup·

416 4185 608 4287 l
570 4165 647 4226 ⁸¹
611 4165 856 4288 ‘illm
923 4167 1318 4310 ιΗΖιίῘιί,δικ
1319 4165 1432 4298 ‘illl
