<?xml version="1.0" encoding="UTF-8"?>
<!DOCTYPE html PUBLIC "-//W3C//DTD XHTML 1.0 Transitional//EN"
    "http://www.w3.org/TR/xhtml1/DTD/xhtml1-transitional.dtd">
<html xmlns="http://www.w3.org/1999/xhtml" xml:lang="en" lang="en">
 <head>
  <title>
</title>
<meta http-equiv="Content-Type" content="text/html;charset=utf-8" />
  <meta name='ocr-system' content='tesseract 3.04.00' />
  <meta name='ocr-capabilities' content='ocr_page ocr_carea ocr_par ocr_line ocrx_word'/>
</head>
<body>
  <div class='ocr_page' id='page_1' title='image "./ciuliicaesarisc00cellgoog_0387.png"; bbox 0 0 3026 5264; ppageno 0'>
   <div class='ocr_carea' id='block_1_1' title="bbox 363 386 1172 505">
    <p class='ocr_par' dir='ltr' id='par_1_1' title="bbox 363 386 1172 505">
     <span class='ocr_line' id='line_1_1' title="bbox 363 386 1172 505; baseline -0.005 -23"><span class='ocrx_word' id='word_1_1' title='bbox 363 423 444 484; x_wconf 83' lang='lat' dir='ltr'><strong>uo.</strong></span> <span class='ocrx_word' id='word_1_2' title='bbox 477 421 565 483; x_wconf 84' lang='lat' dir='ltr'><strong>vm.</strong></span> <span class='ocrx_word' id='word_1_3' title='bbox 599 420 692 480; x_wconf 79' lang='lat' dir='ltr'><strong>car.</strong></span> <span class='ocrx_word' id='word_1_4' title='bbox 729 386 907 505; x_wconf 77' lang='lat'><strong>34-36.</strong></span> <span class='ocrx_word' id='word_1_5' title='bbox 1085 387 1172 504; x_wconf 78' lang='lat'><strong>341</strong></span> 
     </span>
    </p>
   </div>
   <div class='ocr_carea' id='block_1_2' title="bbox 59 623 1200 3738">
    <p class='ocr_par' dir='ltr' id='par_1_2' title="bbox 59 623 1184 1046">
     <span class='ocr_line' id='line_1_2' title="bbox 59 623 1182 718; baseline -0.009 -14"><span class='ocrx_word' id='word_1_6' title='bbox 59 625 180 704; x_wconf 83' lang='lat' dir='ltr'><strong>nostri</strong></span> <span class='ocrx_word' id='word_1_7' title='bbox 206 629 251 699; x_wconf 93' lang='lat' dir='ltr'><strong>ut</strong></span> <span class='ocrx_word' id='word_1_8' title='bbox 280 623 483 718; x_wconf 88' lang='lat' dir='ltr'><strong>viderunt,</strong></span> <span class='ocrx_word' id='word_1_9' title='bbox 505 625 628 698; x_wconf 89' lang='lat' dir='ltr'><strong>acrius</strong></span> <span class='ocrx_word' id='word_1_10' title='bbox 655 630 788 698; x_wconf 88' lang='lat' dir='ltr'><strong>contra</strong></span> <span class='ocrx_word' id='word_1_11' title='bbox 815 627 980 696; x_wconf 88' lang='lat' dir='ltr'><strong>armatos</strong></span> <span class='ocrx_word' id='word_1_12' title='bbox 1008 623 1182 712; x_wconf 89' lang='lat' dir='ltr'><strong>incitati,</strong></span> 
     </span>
     <span class='ocr_line' id='line_1_3' title="bbox 59 737 1184 838; baseline -0.004 -23"><span class='ocrx_word' id='word_1_13' title='bbox 59 745 251 824; x_wconf 84' lang='lat' dir='ltr'><strong>neminem</strong></span> <span class='ocrx_word' id='word_1_14' title='bbox 278 766 324 814; x_wconf 87' lang='lat' dir='ltr'><strong>ex</strong></span> <span class='ocrx_word' id='word_1_15' title='bbox 352 766 395 814; x_wconf 89' lang='lat' dir='ltr'><strong>eo</strong></span> <span class='ocrx_word' id='word_1_16' title='bbox 422 765 579 814; x_wconf 89' lang='lat' dir='ltr'><strong>numero</strong></span> <span class='ocrx_word' id='word_1_17' title='bbox 607 742 737 814; x_wconf 87' lang='lat' dir='ltr'><strong>vivum</strong></span> <span class='ocrx_word' id='word_1_18' title='bbox 764 740 846 838; x_wconf 87' lang='lat' dir='ltr'><strong>capi</strong></span> <span class='ocrx_word' id='word_1_19' title='bbox 877 739 1083 837; x_wconf 84' lang='lat' dir='ltr'><strong>patiuntur.</strong></span> <span class='ocrx_word' id='word_1_20' title='bbox 1115 737 1184 810; x_wconf 76' lang='lat' dir='ltr'><strong>Ef-</strong></span> 
     </span>
     <span class='ocr_line' id='line_1_4' title="bbox 60 853 1183 957; baseline -0.005 -27"><span class='ocrx_word' id='word_1_21' title='bbox 60 859 162 956; x_wconf 80' lang='lat' dir='ltr'>fugit</span> <span class='ocrx_word' id='word_1_22' title='bbox 186 857 271 930; x_wconf 91' lang='lat' dir='ltr'><strong>inde</strong></span> <span class='ocrx_word' id='word_1_23' title='bbox 299 882 388 932; x_wconf 90' lang='lat' dir='ltr'><strong>cum</strong></span> <span class='ocrx_word' id='word_1_24' title='bbox 413 857 541 957; x_wconf 85' lang='lat' dir='ltr'><strong>paucis</strong></span> <span class='ocrx_word' id='word_1_25' title='bbox 566 857 788 946; x_wconf 89' lang='lat' dir='ltr'><strong>Lucterius,</strong></span> <span class='ocrx_word' id='word_1_26' title='bbox 822 880 891 928; x_wconf 91' lang='lat' dir='ltr'><strong>nec</strong></span> <span class='ocrx_word' id='word_1_27' title='bbox 917 879 957 928; x_wconf 89' lang='lat' dir='ltr'><strong>se</strong></span> <span class='ocrx_word' id='word_1_28' title='bbox 983 853 1118 952; x_wconf 78' lang='lat' dir='ltr'><strong>recipit</strong></span> <span class='ocrx_word' id='word_1_29' title='bbox 1142 854 1183 924; x_wconf 90' lang='lat' dir='ltr'><strong>in</strong></span> 
     </span>
     <span class='ocr_line' id='line_1_5' title="bbox 62 980 202 1046; baseline -0.014 0"><span class='ocrx_word' id='word_1_30' title='bbox 62 980 202 1046; x_wconf 87' lang='lat' dir='ltr'><strong>castra.</strong></span> 
     </span>
    </p>

    <p class='ocr_par' dir='ltr' id='par_1_3' title="bbox 63 1085 1200 3738">
     <span class='ocr_line' id='line_1_6' title="bbox 118 1085 1181 1188; baseline -0.003 -25"><span class='ocrx_word' id='word_1_31' title='bbox 118 1091 180 1164; x_wconf 84' lang='lat'><strong>36.</strong></span> <span class='ocrx_word' id='word_1_32' title='bbox 206 1090 262 1160; x_wconf 90' lang='lat' dir='ltr'><strong>Re</strong></span> <span class='ocrx_word' id='word_1_33' title='bbox 287 1089 381 1160; x_wconf 87' lang='lat' dir='ltr'><strong>bene</strong></span> <span class='ocrx_word' id='word_1_34' title='bbox 403 1091 526 1187; x_wconf 84' lang='lat' dir='ltr'><strong>gesta,</strong></span> <span class='ocrx_word' id='word_1_35' title='bbox 542 1087 719 1160; x_wconf 84' lang='lat' dir='ltr'>Caninius</span> <span class='ocrx_word' id='word_1_36' title='bbox 736 1111 783 1160; x_wconf 82' lang='lat' dir='ltr'><strong>ex</strong></span> <span class='ocrx_word' id='word_1_37' title='bbox 800 1086 961 1188; x_wconf 87' lang='lat' dir='ltr'><strong>captivis</strong></span> <span class='ocrx_word' id='word_1_38' title='bbox 979 1085 1181 1184; x_wconf 84' lang='lat' dir='ltr'><strong>comperit,</strong></span> 
     </span>
     <span class='ocr_line' id='line_1_7' title="bbox 63 1203 1183 1306; baseline -0.002 -28"><span class='ocrx_word' id='word_1_39' title='bbox 63 1213 215 1306; x_wconf 90' lang='lat' dir='ltr'><strong>partem</strong></span> <span class='ocrx_word' id='word_1_40' title='bbox 241 1207 436 1304; x_wconf 89' lang='lat' dir='ltr'><strong>copiarum</strong></span> <span class='ocrx_word' id='word_1_41' title='bbox 476 1227 565 1276; x_wconf 85' lang='lat' dir='ltr'><strong>curn</strong></span> <span class='ocrx_word' id='word_1_42' title='bbox 603 1205 792 1302; x_wconf 75' lang='lat' dir='ltr'>Drappete</span> <span class='ocrx_word' id='word_1_43' title='bbox 832 1229 909 1278; x_wconf 90' lang='lat' dir='ltr'><strong>esse</strong></span> <span class='ocrx_word' id='word_1_44' title='bbox 937 1205 973 1276; x_wconf 92' lang='lat' dir='ltr'><strong>in</strong></span> <span class='ocrx_word' id='word_1_45' title='bbox 1002 1203 1183 1276; x_wconf 88' lang='lat' dir='ltr'><strong>castrisa</strong></span> 
     </span>
     <span class='ocr_line' id='line_1_8' title="bbox 63 1319 1182 1418; baseline -0.004 -23"><span class='ocrx_word' id='word_1_46' title='bbox 63 1321 215 1396; x_wconf 89' lang='lat' dir='ltr'><strong>milibus</strong></span> <span class='ocrx_word' id='word_1_47' title='bbox 242 1345 316 1394; x_wconf 92' lang='lat' dir='ltr'><strong>non</strong></span> <span class='ocrx_word' id='word_1_48' title='bbox 342 1319 501 1418; x_wconf 88' lang='lat' dir='ltr'><strong>amplius</strong></span> <span class='ocrx_word' id='word_1_49' title='bbox 529 1321 610 1394; x_wconf 87' lang='lat' dir='ltr'><strong>Xll.</strong></span> <span class='ocrx_word' id='word_1_50' title='bbox 638 1323 746 1413; x_wconf 67' lang='lat' dir='ltr'><strong>‚Qua</strong></span> <span class='ocrx_word' id='word_1_51' title='bbox 785 1345 826 1392; x_wconf 92' lang='lat' dir='ltr'><strong>re</strong></span> <span class='ocrx_word' id='word_1_52' title='bbox 853 1345 898 1393; x_wconf 83' lang='lat' dir='ltr'><strong>ex</strong></span> <span class='ocrx_word' id='word_1_53' title='bbox 926 1319 1182 1418; x_wconf 82' lang='lat' dir='ltr'><strong>compluribus</strong></span> 
     </span>
     <span class='ocr_line' id='line_1_9' title="bbox 66 1436 1186 1540; baseline -0.003 -27"><span class='ocrx_word' id='word_1_54' title='bbox 66 1441 239 1540; x_wconf 86' lang='lat' dir='ltr'><strong>cognita,</strong></span> <span class='ocrx_word' id='word_1_55' title='bbox 267 1462 387 1536; x_wconf 92' lang='lat' dir='ltr'><strong>quum</strong></span> <span class='ocrx_word' id='word_1_56' title='bbox 405 1436 656 1536; x_wconf 76' lang='lat' dir='ltr'>intellegeret,</span> <span class='ocrx_word' id='word_1_57' title='bbox 671 1437 803 1537; x_wconf 86' lang='lat' dir='ltr'><strong>fugato</strong></span> <span class='ocrx_word' id='word_1_58' title='bbox 821 1441 925 1511; x_wconf 84' lang='lat' dir='ltr'><strong>Duce</strong></span> <span class='ocrx_word' id='word_1_59' title='bbox 946 1438 1084 1528; x_wconf 87' lang='lat' dir='ltr'><strong>altero,</strong></span> <span class='ocrx_word' id='word_1_60' title='bbox 1098 1463 1186 1538; x_wconf 86' lang='lat' dir='ltr'><strong>per·</strong></span> 
     </span>
     <span class='ocr_line' id='line_1_10' title="bbox 65 1553 1185 1654; baseline -0.003 -23"><span class='ocrx_word' id='word_1_61' title='bbox 65 1559 219 1631; x_wconf 89' lang='lat' dir='ltr'><strong>territos</strong></span> <span class='ocrx_word' id='word_1_62' title='bbox 245 1554 407 1652; x_wconf 87' lang='lat' dir='ltr'><strong>reliquos</strong></span> <span class='ocrx_word' id='word_1_63' title='bbox 433 1553 540 1626; x_wconf 85' lang='lat' dir='ltr'><strong>facile</strong></span> <span class='ocrx_word' id='word_1_64' title='bbox 567 1554 725 1651; x_wconf 78' lang='lat' dir='ltr'>obprimi</span> <span class='ocrx_word' id='word_1_65' title='bbox 753 1575 879 1652; x_wconf 86' lang='lat' dir='ltr'><strong>posse:</strong></span> <span class='ocrx_word' id='word_1_66' title='bbox 916 1579 1074 1654; x_wconf 80' lang='lat' dir='ltr'><strong>magnae</strong></span> <span class='ocrx_word' id='word_1_67' title='bbox 1102 1554 1185 1628; x_wconf 82' lang='lat' dir='ltr'><strong>feli-</strong></span> 
     </span>
     <span class='ocr_line' id='line_1_11' title="bbox 68 1667 1186 1756; baseline -0.002 -14"><span class='ocrx_word' id='word_1_68' title='bbox 68 1671 197 1743; x_wconf 78' lang='lat' dir='ltr'><strong>citatis</strong></span> <span class='ocrx_word' id='word_1_69' title='bbox 223 1693 301 1742; x_wconf 88' lang='lat' dir='ltr'><strong>esse</strong></span> <span class='ocrx_word' id='word_1_70' title='bbox 336 1667 610 1756; x_wconf 78' lang='lat' dir='ltr'><strong>arbitrabatur,</strong></span> <span class='ocrx_word' id='word_1_71' title='bbox 650 1669 835 1740; x_wconf 86' lang='lat' dir='ltr'><strong>neminem</strong></span> <span class='ocrx_word' id='word_1_72' title='bbox 870 1692 917 1740; x_wconf 81' lang='lat' dir='ltr'><strong>ex</strong></span> <span class='ocrx_word' id='word_1_73' title='bbox 944 1668 1056 1742; x_wconf 89' lang='lat' dir='ltr'><strong>caede</strong></span> <span class='ocrx_word' id='word_1_74' title='bbox 1086 1667 1186 1740; x_wconf 82' lang='lat' dir='ltr'><strong>refu-</strong></span> 
     </span>
     <span class='ocr_line' id='line_1_12' title="bbox 66 1783 1187 1881; baseline 0.001 -26"><span class='ocrx_word' id='word_1_75' title='bbox 66 1784 162 1881; x_wconf 83' lang='lat' dir='ltr'><strong>gisse</strong></span> <span class='ocrx_word' id='word_1_76' title='bbox 188 1784 227 1856; x_wconf 93' lang='lat' dir='ltr'><strong>in</strong></span> <span class='ocrx_word' id='word_1_77' title='bbox 254 1787 398 1872; x_wconf 88' lang='lat' dir='ltr'><strong>castra,</strong></span> <span class='ocrx_word' id='word_1_78' title='bbox 421 1785 487 1879; x_wconf 86' lang='lat' dir='ltr'><strong>qui</strong></span> <span class='ocrx_word' id='word_1_79' title='bbox 513 1783 559 1856; x_wconf 89' lang='lat' dir='ltr'><strong>de</strong></span> <span class='ocrx_word' id='word_1_80' title='bbox 586 1791 740 1880; x_wconf 84' lang='lat' dir='ltr'><strong>accepta</strong></span> <span class='ocrx_word' id='word_1_81' title='bbox 768 1783 984 1856; x_wconf 69' lang='lat' dir='ltr'><strong>calamitate</strong></span> <span class='ocrx_word' id='word_1_82' title='bbox 1004 1784 1187 1856; x_wconf 85' lang='lat' dir='ltr'><strong>nuncium</strong></span> 
     </span>
     <span class='ocr_line' id='line_1_13' title="bbox 66 1895 1187 1996; baseline -0.001 -27"><span class='ocrx_word' id='word_1_83' title='bbox 66 1896 245 1995; x_wconf 81' lang='lat' dir='ltr'><strong>Drappeti</strong></span> <span class='ocrx_word' id='word_1_84' title='bbox 273 1895 463 1996; x_wconf 84' lang='lat' dir='ltr'><strong>perferret.</strong></span> <span class='ocrx_word' id='word_1_85' title='bbox 490 1897 563 1970; x_wconf 88' lang='lat' dir='ltr'><strong>Sed</strong></span> <span class='ocrx_word' id='word_1_86' title='bbox 589 1898 627 1970; x_wconf 87' lang='lat' dir='ltr'><strong>in</strong></span> <span class='ocrx_word' id='word_1_87' title='bbox 655 1897 883 1995; x_wconf 86' lang='lat' dir='ltr'><strong>experiundo</strong></span> <span class='ocrx_word' id='word_1_88' title='bbox 899 1921 1018 1994; x_wconf 89' lang='lat' dir='ltr'><strong>quum</strong></span> <span class='ocrx_word' id='word_1_89' title='bbox 1039 1897 1187 1994; x_wconf 90' lang='lat' dir='ltr'><strong>pericu-</strong></span> 
     </span>
     <span class='ocr_line' id='line_1_14' title="bbox 67 2009 1188 2110; baseline 0.003 -27"><span class='ocrx_word' id='word_1_90' title='bbox 67 2009 149 2084; x_wconf 91' lang='lat' dir='ltr'><strong>lum</strong></span> <span class='ocrx_word' id='word_1_91' title='bbox 175 2012 320 2084; x_wconf 90' lang='lat' dir='ltr'><strong>nullum</strong></span> <span class='ocrx_word' id='word_1_92' title='bbox 347 2012 515 2104; x_wconf 86' lang='lat' dir='ltr'><strong>videret,</strong></span> <span class='ocrx_word' id='word_1_93' title='bbox 540 2016 751 2110; x_wconf 82' lang='lat' dir='ltr'><strong>equitatum</strong></span> <span class='ocrx_word' id='word_1_94' title='bbox 779 2039 930 2086; x_wconf 89' lang='lat' dir='ltr'><strong>omnem</strong></span> <span class='ocrx_word' id='word_1_95' title='bbox 957 2013 1188 2088; x_wconf 81' lang='lat' dir='ltr'><strong>Germanos-</strong></span> 
     </span>
     <span class='ocr_line' id='line_1_15' title="bbox 69 2128 1187 2226; baseline -0.001 -24"><span class='ocrx_word' id='word_1_96' title='bbox 69 2152 144 2226; x_wconf 86' lang='lat' dir='ltr'><strong>que</strong></span> <span class='ocrx_word' id='word_1_97' title='bbox 172 2128 332 2226; x_wconf 81' lang='lat' dir='ltr'><strong>pedites,</strong></span> <span class='ocrx_word' id='word_1_98' title='bbox 358 2153 525 2202; x_wconf 85' lang='lat' dir='ltr'><strong>sutnmae</strong></span> <span class='ocrx_word' id='word_1_99' title='bbox 554 2128 762 2202; x_wconf 87' lang='lat' dir='ltr'><strong>velocitatis</strong></span> <span class='ocrx_word' id='word_1_100' title='bbox 790 2129 979 2220; x_wconf 83' lang='lat' dir='ltr'><strong>immines,</strong></span> <span class='ocrx_word' id='word_1_101' title='bbox 997 2128 1042 2200; x_wconf 90' lang='lat' dir='ltr'><strong>ad</strong></span> <span class='ocrx_word' id='word_1_102' title='bbox 1062 2135 1187 2202; x_wconf 88' lang='lat' dir='ltr'><strong>castra</strong></span> 
     </span>
     <span class='ocr_line' id='line_1_16' title="bbox 69 2241 1188 2346; baseline 0.002 -32"><span class='ocrx_word' id='word_1_103' title='bbox 69 2241 236 2316; x_wconf 84' lang='lat' dir='ltr'><strong>hostium</strong></span> <span class='ocrx_word' id='word_1_104' title='bbox 263 2245 496 2339; x_wconf 86' lang='lat' dir='ltr'><strong>praemittit:</strong></span> <span class='ocrx_word' id='word_1_105' title='bbox 536 2243 613 2342; x_wconf 90' lang='lat' dir='ltr'><strong>ipse</strong></span> <span class='ocrx_word' id='word_1_106' title='bbox 647 2243 831 2346; x_wconf 80' lang='lat' dir='ltr'><strong>legionem</strong></span> <span class='ocrx_word' id='word_1_107' title='bbox 870 2269 988 2316; x_wconf 90' lang='lat' dir='ltr'><strong>unam</strong></span> <span class='ocrx_word' id='word_1_108' title='bbox 1022 2244 1061 2316; x_wconf 88' lang='lat' dir='ltr'><strong>in</strong></span> <span class='ocrx_word' id='word_1_109' title='bbox 1087 2245 1188 2318; x_wconf 88' lang='lat' dir='ltr'><strong>trina</strong></span> 
     </span>
     <span class='ocr_line' id='line_1_17' title="bbox 71 2357 1186 2458; baseline 0.001 -26"><span class='ocrx_word' id='word_1_110' title='bbox 71 2364 195 2432; x_wconf 88' lang='lat' dir='ltr'><strong>castra</strong></span> <span class='ocrx_word' id='word_1_111' title='bbox 222 2357 434 2448; x_wconf 89' lang='lat' dir='ltr'><strong>distribuit,</strong></span> <span class='ocrx_word' id='word_1_112' title='bbox 473 2359 630 2433; x_wconf 78' lang='lat' dir='ltr'><strong>alteram</strong></span> <span class='ocrx_word' id='word_1_113' title='bbox 665 2384 795 2432; x_wconf 89' lang='lat' dir='ltr'><strong>secum</strong></span> <span class='ocrx_word' id='word_1_114' title='bbox 828 2361 1043 2458; x_wconf 79' lang='lat' dir='ltr'><strong>expeditam</strong></span> <span class='ocrx_word' id='word_1_115' title='bbox 1069 2359 1186 2434; x_wconf 89' lang='lat' dir='ltr'><strong>ducit.</strong></span> 
     </span>
     <span class='ocr_line' id='line_1_18' title="bbox 71 2473 1200 2572; baseline 0 -28"><span class='ocrx_word' id='word_1_116' title='bbox 71 2473 198 2572; x_wconf 80' lang='lat' dir='ltr'><strong>Quum</strong></span> <span class='ocrx_word' id='word_1_117' title='bbox 226 2473 374 2572; x_wconf 88' lang='lat' dir='ltr'><strong>propius</strong></span> <span class='ocrx_word' id='word_1_118' title='bbox 400 2473 517 2546; x_wconf 83' lang='lat' dir='ltr'><strong>hostis</strong></span> <span class='ocrx_word' id='word_1_119' title='bbox 543 2477 776 2559; x_wconf 82' lang='lat' dir='ltr'><strong>accessisset,</strong></span> <span class='ocrx_word' id='word_1_120' title='bbox 803 2475 850 2546; x_wconf 92' lang='lat' dir='ltr'><strong>ab</strong></span> <span class='ocrx_word' id='word_1_121' title='bbox 868 2473 1200 2572; x_wconf 66' lang='lat' dir='ltr'><strong>exploratoribus,</strong></span> 
     </span>
     <span class='ocr_line' id='line_1_19' title="bbox 71 2590 1190 2689; baseline 0.001 -28"><span class='ocrx_word' id='word_1_122' title='bbox 71 2612 166 2689; x_wconf 90' lang='lat' dir='ltr'><strong>quos</strong></span> <span class='ocrx_word' id='word_1_123' title='bbox 192 2590 453 2686; x_wconf 86' lang='lat' dir='ltr'><strong>praemiserat,</strong></span> <span class='ocrx_word' id='word_1_124' title='bbox 479 2595 699 2688; x_wconf 87' lang='lat' dir='ltr'><strong>cognoscit,</strong></span> <span class='ocrx_word' id='word_1_125' title='bbox 722 2599 847 2664; x_wconf 87' lang='lat' dir='ltr'><strong>castra</strong></span> <span class='ocrx_word' id='word_1_126' title='bbox 867 2615 1019 2676; x_wconf 88' lang='lat' dir='ltr'><strong>eorum,</strong></span> <span class='ocrx_word' id='word_1_127' title='bbox 1039 2597 1082 2663; x_wconf 84' lang='lat' dir='ltr'><strong>ut</strong></span> <span class='ocrx_word' id='word_1_128' title='bbox 1100 2591 1190 2663; x_wconf 87' lang='lat' dir='ltr'><strong>bar·-</strong></span> 
     </span>
     <span class='ocr_line' id='line_1_20' title="bbox 70 2705 1189 2808; baseline 0.002 -30"><span class='ocrx_word' id='word_1_129' title='bbox 70 2705 249 2796; x_wconf 86' lang='lat' dir='ltr'><strong>barorum</strong></span> <span class='ocrx_word' id='word_1_130' title='bbox 277 2705 350 2778; x_wconf 88' lang='lat' dir='ltr'><strong>fert</strong></span> <span class='ocrx_word' id='word_1_131' title='bbox 375 2707 630 2796; x_wconf 87' lang='lat' dir='ltr'><strong>consuetudo,</strong></span> <span class='ocrx_word' id='word_1_132' title='bbox 649 2708 788 2780; x_wconf 86' lang='lat' dir='ltr'><strong>relictis</strong></span> <span class='ocrx_word' id='word_1_133' title='bbox 805 2707 897 2782; x_wconf 82' lang='lat' dir='ltr'><strong>locis</strong></span> <span class='ocrx_word' id='word_1_134' title='bbox 915 2708 1189 2808; x_wconf 85' lang='lat' dir='ltr'><strong>superioribus,</strong></span> 
     </span>
     <span class='ocr_line' id='line_1_21' title="bbox 72 2821 1193 2922; baseline 0.001 -26"><span class='ocrx_word' id='word_1_135' title='bbox 72 2823 127 2896; x_wconf 80' lang='lat' dir='ltr'><strong>ad.</strong></span> <span class='ocrx_word' id='word_1_136' title='bbox 146 2825 245 2922; x_wconf 83' lang='lat' dir='ltr'><strong>ripas</strong></span> <span class='ocrx_word' id='word_1_137' title='bbox 270 2821 433 2896; x_wconf 83' lang='lat' dir='ltr'><strong>fluminis</strong></span> <span class='ocrx_word' id='word_1_138' title='bbox 456 2845 535 2894; x_wconf 88' lang='lat' dir='ltr'><strong>esse</strong></span> <span class='ocrx_word' id='word_1_139' title='bbox 563 2823 745 2897; x_wconf 82' lang='lat' dir='ltr'><strong>demissa:</strong></span> <span class='ocrx_word' id='word_1_140' title='bbox 774 2832 814 2899; x_wconf 90' lang='lat' dir='ltr'><strong>at</strong></span> <span class='ocrx_word' id='word_1_141' title='bbox 841 2825 1049 2898; x_wconf 87' lang='lat' dir='ltr'><strong>Germanos</strong></span> <span class='ocrx_word' id='word_1_142' title='bbox 1085 2825 1193 2922; x_wconf 78' lang='lat' dir='ltr'><strong>equi-</strong></span> 
     </span>
     <span class='ocr_line' id='line_1_22' title="bbox 72 2941 1198 3050; baseline 0 -36"><span class='ocrx_word' id='word_1_143' title='bbox 72 2949 203 3040; x_wconf 89' lang='lat' dir='ltr'><strong>tesque</strong></span> <span class='ocrx_word' id='word_1_144' title='bbox 230 2941 514 3050; x_wconf 82' lang='lat' dir='ltr'><strong>inprudentibus</strong></span> <span class='ocrx_word' id='word_1_145' title='bbox 533 2944 706 3014; x_wconf 91' lang='lat' dir='ltr'><strong>omuibus</strong></span> <span class='ocrx_word' id='word_1_146' title='bbox 725 2941 770 3016; x_wconf 90' lang='lat' dir='ltr'><strong>de</strong></span> <span class='ocrx_word' id='word_1_147' title='bbox 789 2943 980 3040; x_wconf 87' lang='lat' dir='ltr'><strong>inproviso</strong></span> <span class='ocrx_word' id='word_1_148' title='bbox 998 2944 1198 3016; x_wconf 75' lang='lat' dir='ltr'><strong>advolasse</strong></span> 
     </span>
     <span class='ocr_line' id='line_1_23' title="bbox 73 3055 1194 3155; baseline -0.002 -25"><span class='ocrx_word' id='word_1_149' title='bbox 73 3065 113 3130; x_wconf 89' lang='lat' dir='ltr'><strong>et</strong></span> <span class='ocrx_word' id='word_1_150' title='bbox 138 3056 319 3155; x_wconf 90' lang='lat' dir='ltr'><strong>proelium</strong></span> <span class='ocrx_word' id='word_1_151' title='bbox 346 3057 585 3130; x_wconf 85' lang='lat' dir='ltr'><strong>commisisse.</strong></span> <span class='ocrx_word' id='word_1_152' title='bbox 611 3059 695 3150; x_wconf 88' lang='lat' dir='ltr'><strong>Qua</strong></span> <span class='ocrx_word' id='word_1_153' title='bbox 723 3082 763 3128; x_wconf 91' lang='lat' dir='ltr'><strong>re</strong></span> <span class='ocrx_word' id='word_1_154' title='bbox 790 3059 966 3154; x_wconf 81' lang='lat' dir='ltr'><strong>cognita,</strong></span> <span class='ocrx_word' id='word_1_155' title='bbox 1005 3055 1194 3155; x_wconf 76' lang='lat' dir='ltr'><strong>legionem</strong></span> 
     </span>
     <span class='ocr_line' id='line_1_24' title="bbox 73 3173 1194 3272; baseline -0.004 -22"><span class='ocrx_word' id='word_1_156' title='bbox 73 3180 259 3250; x_wconf 81' lang='lat' dir='ltr'><strong>armatam</strong></span> <span class='ocrx_word' id='word_1_157' title='bbox 287 3177 584 3271; x_wconf 86' lang='lat' dir='ltr'><strong>instructamque</strong></span> <span class='ocrx_word' id='word_1_158' title='bbox 612 3173 777 3247; x_wconf 89' lang='lat' dir='ltr'><strong>adducit.</strong></span> <span class='ocrx_word' id='word_1_159' title='bbox 819 3176 902 3263; x_wconf 86' lang='lat' dir='ltr'><strong>lta,</strong></span> <span class='ocrx_word' id='word_1_160' title='bbox 929 3178 1080 3272; x_wconf 89' lang='lat' dir='ltr'><strong>repente</strong></span> <span class='ocrx_word' id='word_1_161' title='bbox 1108 3197 1194 3245; x_wconf 78' lang='lat' dir='ltr'><strong>om·</strong></span> 
     </span>
     <span class='ocr_line' id='line_1_25' title="bbox 72 3289 1195 3390; baseline -0.003 -27"><span class='ocrx_word' id='word_1_162' title='bbox 72 3291 184 3364; x_wconf 91' lang='lat' dir='ltr'><strong>nibus</strong></span> <span class='ocrx_word' id='word_1_163' title='bbox 211 3317 257 3364; x_wconf 86' lang='lat' dir='ltr'><strong>ex</strong></span> <span class='ocrx_word' id='word_1_164' title='bbox 283 3291 454 3390; x_wconf 87' lang='lat' dir='ltr'><strong>partibus</strong></span> <span class='ocrx_word' id='word_1_165' title='bbox 472 3294 577 3389; x_wconf 79' lang='lat' dir='ltr'><strong>signo</strong></span> <span class='ocrx_word' id='word_1_166' title='bbox 596 3289 707 3380; x_wconf 87' lang='lat' dir='ltr'><strong>dato,</strong></span> <span class='ocrx_word' id='word_1_167' title='bbox 724 3289 808 3363; x_wconf 88' lang='lat' dir='ltr'><strong>loca</strong></span> <span class='ocrx_word' id='word_1_168' title='bbox 826 3293 1018 3388; x_wconf 87' lang='lat' dir='ltr'><strong>superiora</strong></span> <span class='ocrx_word' id='word_1_169' title='bbox 1035 3291 1195 3388; x_wconf 85' lang='lat' dir='ltr'><strong>capiun-</strong></span> 
     </span>
     <span class='ocr_line' id='line_1_26' title="bbox 71 3407 1196 3506; baseline -0.006 -22"><span class='ocrx_word' id='word_1_170' title='bbox 71 3413 151 3484; x_wconf 86' lang='lat' dir='ltr'><strong>tur.</strong></span> <span class='ocrx_word' id='word_1_171' title='bbox 177 3409 287 3501; x_wconf 87' lang='lat' dir='ltr'><strong>Quod</strong></span> <span class='ocrx_word' id='word_1_172' title='bbox 316 3407 377 3481; x_wconf 92' lang='lat' dir='ltr'><strong>ubi</strong></span> <span class='ocrx_word' id='word_1_173' title='bbox 405 3408 570 3496; x_wconf 88' lang='lat' dir='ltr'><strong>accidit,</strong></span> <span class='ocrx_word' id='word_1_174' title='bbox 597 3407 774 3480; x_wconf 86' lang='lat' dir='ltr'><strong>Germani</strong></span> <span class='ocrx_word' id='word_1_175' title='bbox 802 3409 1045 3505; x_wconf 83' lang='lat' dir='ltr'><strong>equitesque,</strong></span> <span class='ocrx_word' id='word_1_176' title='bbox 1081 3407 1196 3506; x_wconf 86' lang='lat' dir='ltr'><strong>signis</strong></span> 
     </span>
     <span class='ocr_line' id='line_1_27' title="bbox 72 3519 1194 3620; baseline -0.004 -26"><span class='ocrx_word' id='word_1_177' title='bbox 72 3519 229 3620; x_wconf 87' lang='lat' dir='ltr'><strong>legionis</strong></span> <span class='ocrx_word' id='word_1_178' title='bbox 255 3524 362 3610; x_wconf 89' lang='lat' dir='ltr'><strong>visis,</strong></span> <span class='ocrx_word' id='word_1_179' title='bbox 382 3522 704 3594; x_wconf 86' lang='lat' dir='ltr'><strong>vehementissime</strong></span> <span class='ocrx_word' id='word_1_180' title='bbox 724 3519 971 3618; x_wconf 87' lang='lat' dir='ltr'><strong>proeliantur:</strong></span> <span class='ocrx_word' id='word_1_181' title='bbox 995 3519 1194 3592; x_wconf 83' lang='lat' dir='ltr'><strong>confestim</strong></span> 
     </span>
     <span class='ocr_line' id='line_1_28' title="bbox 74 3637 1196 3738; baseline -0.003 -26"><span class='ocrx_word' id='word_1_182' title='bbox 74 3642 250 3715; x_wconf 90' lang='lat' dir='ltr'><strong>cobortes</strong></span> <span class='ocrx_word' id='word_1_183' title='bbox 278 3639 441 3738; x_wconf 91' lang='lat' dir='ltr'><strong>undique</strong></span> <span class='ocrx_word' id='word_1_184' title='bbox 467 3640 637 3738; x_wconf 89' lang='lat' dir='ltr'><strong>inpetum</strong></span> <span class='ocrx_word' id='word_1_185' title='bbox 664 3637 833 3728; x_wconf 77' lang='lat' dir='ltr'><strong>faciunt,</strong></span> <span class='ocrx_word' id='word_1_186' title='bbox 860 3637 1107 3732; x_wconf 90' lang='lat' dir='ltr'><strong>omnibusque</strong></span> <span class='ocrx_word' id='word_1_187' title='bbox 1128 3643 1196 3710; x_wconf 85' lang='lat' dir='ltr'><strong>aut</strong></span> 
     </span>
    </p>
   </div>
   <div class='ocr_carea' id='block_1_3' title="bbox 74 4019 1201 4565">
    <p class='ocr_par' dir='ltr' id='par_1_4' title="bbox 74 4019 1201 4565">
     <span class='ocr_line' id='line_1_29' title="bbox 110 4019 1196 4094; baseline 0.002 -20"><span class='ocrx_word' id='word_1_188' title='bbox 110 4021 212 4093; x_wconf 70' lang='lat' dir='ltr'><strong>Effirgir</strong></span> <span class='ocrx_word' id='word_1_189' title='bbox 227 4024 292 4076; x_wconf 78' lang='lat' dir='ltr'><strong>inde.</strong></span> <span class='ocrx_word' id='word_1_190' title='bbox 309 4022 365 4076; x_wconf 83' lang='lat' dir='ltr'><strong>Alii</strong></span> <span class='ocrx_word' id='word_1_191' title='bbox 383 4021 514 4094; x_wconf 77' lang='lat' dir='ltr'><strong>Profugit.</strong></span> <span class='ocrx_word' id='word_1_192' title='bbox 672 4033 736 4074; x_wconf 74' lang='lat' dir='ltr'><strong>stru.</strong></span> <span class='ocrx_word' id='word_1_193' title='bbox 768 4019 929 4074; x_wconf 81' lang='lat' dir='ltr'><strong>Emendavit</strong></span> <span class='ocrx_word' id='word_1_194' title='bbox 954 4021 1074 4076; x_wconf 83' lang='lat' dir='ltr'><strong>Ciaccon.</strong></span> <span class='ocrx_word' id='word_1_195' title='bbox 1098 4045 1112 4078; x_wconf 80' lang='lat' dir='ltr'><strong>a</strong></span> <span class='ocrx_word' id='word_1_196' title='bbox 1137 4025 1196 4080; x_wconf 87' lang='lat' dir='ltr'><strong>cod.</strong></span> 
     </span>
     <span class='ocr_line' id='line_1_30' title="bbox 110 4089 896 4172; baseline -0.001 -32"><span class='ocrx_word' id='word_1_197' title='bbox 110 4109 164 4170; x_wconf 68' lang='lat' dir='ltr'><strong>nors</strong></span> <span class='ocrx_word' id='word_1_198' title='bbox 181 4091 297 4158; x_wconf 81' lang='lat' dir='ltr'><strong>aarpliur.</strong></span> <span class='ocrx_word' id='word_1_199' title='bbox 334 4090 444 4160; x_wconf 77' lang='lat' dir='ltr'><strong>quidum</strong></span> <span class='ocrx_word' id='word_1_200' title='bbox 461 4109 514 4142; x_wconf 77' lang='lat' dir='ltr'><strong>nors</strong></span> <span class='ocrx_word' id='word_1_201' title='bbox 530 4089 606 4161; x_wconf 71' lang='lat' dir='ltr'><strong>longo</strong></span> <span class='ocrx_word' id='word_1_202' title='bbox 672 4089 781 4170; x_wconf 38' lang='lat' dir='ltr'><strong>Ursini..</strong></span> <span class='ocrx_word' id='word_1_203' title='bbox 891 4160 896 4172; x_wconf 35' lang='grc' dir='ltr'><strong><em>ι</em></strong></span> 
     </span>
     <span class='ocr_line' id='line_1_31' title="bbox 75 4154 1199 4296; baseline 0.004 -88"><span class='ocrx_word' id='word_1_204' title='bbox 75 4157 220 4296; x_wconf 35' lang='lat' dir='ltr'><strong>aazia</strong></span> <span class='ocrx_word' id='word_1_205' title='bbox 229 4223 376 4294; x_wconf 75' lang='lat' dir='ltr'><strong>solicitatis.</strong></span> <span class='ocrx_word' id='word_1_206' title='bbox 427 4223 516 4277; x_wconf 49' lang='lat' dir='ltr'><strong>Dm·</strong></span> <span class='ocrx_word' id='word_1_207' title='bbox 536 4221 604 4278; x_wconf 56' lang='lat' dir='ltr'><strong>mle</strong></span> <span class='ocrx_word' id='word_1_208' title='bbox 672 4175 810 4276; x_wconf 51' lang='lat' dir='ltr'><strong>supponas</strong></span> <span class='ocrx_word' id='word_1_209' title='bbox 827 4154 908 4210; x_wconf 73' lang='lat' dir='ltr'><strong>tortu</strong></span> <span class='ocrx_word' id='word_1_210' title='bbox 924 4175 1013 4210; x_wconf 70' lang='lat' dir='ltr'><strong>morra.</strong></span> <span class='ocrx_word' id='word_1_211' title='bbox 1048 4157 1135 4229; x_wconf 79' lang='lat' dir='ltr'><strong>&#39;Vulgo</strong></span> <span class='ocrx_word' id='word_1_212' title='bbox 1152 4159 1199 4212; x_wconf 68' lang='lat' dir='ltr'><strong>leo·</strong></span> 
     </span>
     <span class='ocr_line' id='line_1_32' title="bbox 74 4288 1201 4433; baseline 0.006 -25"><span class='ocrx_word' id='word_1_213' title='bbox 74 4289 431 4425; x_wconf 51' lang='lat' dir='ltr'><strong>almostam..</strong></span> <span class='ocrx_word' id='word_1_214' title='bbox 452 4355 536 4429; x_wconf 70' lang='lat' dir='ltr'><strong>vu,</strong></span> <span class='ocrx_word' id='word_1_215' title='bbox 705 4288 1201 4433; x_wconf 58' lang='lat' dir='ltr'><strong>t.tsl·..s‘.&#39;,‘;l’.‘.⁰,lzs²lltt&#39;ttt</strong></span> 
     </span>
     <span class='ocr_line' id='line_1_33' title="bbox 76 4427 1197 4565; baseline 0.005 -21"><span class='ocrx_word' id='word_1_216' title='bbox 76 4445 140 4544; x_wconf 56' lang='lat' dir='ltr'><strong>mlii</strong></span> <span class='ocrx_word' id='word_1_217' title='bbox 158 4497 227 4544; x_wconf 69' lang='lat' dir='ltr'><strong>trina</strong></span> <span class='ocrx_word' id='word_1_218' title='bbox 245 4503 338 4546; x_wconf 77' lang='lat' dir='ltr'><strong>castra.</strong></span> <span class='ocrx_word' id='word_1_219' title='bbox 379 4491 461 4562; x_wconf 78' lang='lat' dir='ltr'><strong>Vulgo</strong></span> <span class='ocrx_word' id='word_1_220' title='bbox 479 4497 548 4546; x_wconf 68' lang='lat' dir='ltr'><strong>iuba</strong></span> <span class='ocrx_word' id='word_1_221' title='bbox 565 4511 607 4544; x_wconf 84' lang='lat' dir='ltr'><strong>ru·</strong></span> <span class='ocrx_word' id='word_1_222' title='bbox 674 4427 909 4565; x_wconf 52' lang='lat' dir='ltr'><strong>srtcgqqlpqqqm</strong></span> <span class='ocrx_word' id='word_1_223' title='bbox 927 4493 982 4549; x_wconf 82' lang='lat' dir='ltr'><strong>Alii</strong></span> <span class='ocrx_word' id='word_1_224' title='bbox 993 4495 1095 4551; x_wconf 83' lang='lat' dir='ltr'><strong>addunt</strong></span> <span class='ocrx_word' id='word_1_225' title='bbox 1104 4513 1197 4556; x_wconf 75' lang='lat' dir='ltr'><strong>omues.</strong></span> 
     </span>
    </p>
   </div>
   <div class='ocr_carea' id='block_1_4' title="bbox 0 0 1537 5264">
    <p class='ocr_par' dir='ltr' id='par_1_5' title="bbox 0 0 1537 5264">
     <span class='ocr_line' id='line_1_34' title="bbox 0 0 1537 5264; baseline 0 0"><span class='ocrx_word' id='word_1_226' title='bbox 0 0 1537 5264; x_wconf 95' lang='lat' dir='ltr'><strong> </strong></span> 
     </span>
    </p>
   </div>
  </div>
 </body>
</html>
