3040 5264
373 379 453 448 un.
487 387 530 450 11.
567 390 659 453 ose.
693 365 869 460 20-23.
1119 399 1177 504 77
1221 489 1226 504 Ι

64 583 200 690 lisque'
214 586 421 695 tegimenta
447 597 674 676 detrahenda
692 611 841 706 tempus
858 609 1029 690 defuerit.
1056 619 1183 711 Quam

65 713 224 808 quisque
249 715 289 784 in
314 721 459 813 partem
488 717 534 789 ab
553 710 663 818 opere*
690 747 780 797 casu
806 725 987 825 devenit5
1011 757 1184 836 quaeque

64 829 187 925 prima
213 829 317 930 signa
351 836 569 932 conspexit,
602 838 649 910 ad
685 841 776 914 haec
813 848 1009 939 constitit,
1044 873 1111 944 ne,
1146 855 1187 929 in

65 947 286 1040 quaerendis
311 951 411 1039 suis,
437 952 625 1050 pugnandi
651 962 802 1057 ternpus
828 961 1046 1039 dimitteret.

117 1087 179 1132 22.
206 1063 396 1139 Instructo
424 1070 615 1154 exercitu,
642 1077 760 1176 magis
788 1081 832 1151 ut
860 1077 931 1153 loci
960 1091 1094 1158 natura
1115 1083 1183 1160 de·

63 1171 265 1274 iectusque
288 1179 395 1255 collis
421 1189 461 1256 et
487 1188 683 1261 necessitas
701 1194 900 1292 temporis,
926 1219 1039 1293 quam
1067 1205 1112 1272 ut
1129 1201 1186 1276 rei

64 1289 239 1364 militaris
265 1296 361 1368 ratio
380 1305 493 1396 atque
511 1301 603 1374 ordo
623 1305 864 1402 postulabat,
892 1333 1008 1408 quum
1028 1311 1186 1388 diversis

65 1403 159 1478 locis
173 1405 351 1506 legiones,
371 1412 463 1487 aliae
481 1415 551 1488 alia
569 1419 606 1490 in
627 1429 750 1518 parte,
769 1424 937 1498 hostibus
956 1429 1185 1522 resisterent,

66 1517 290 1619 sepibusque
330 1525 584 1629 densissimis,
618 1542 663 1608 ot
697 1543 783 1611 ante
822 1539 1193 1636 demonstravirnus,·

65 1635 271 1712 interiectis
289 1643 509 1743 prospectus
537 1645 792 1747 inpediretur:
818 1677 939 1753 neque
965 1664 1070 1730 certa
1095 1657 1185 1730 sub·

66 1749 159 1823 sidia
185 1753 400 1843 conlocari,
442 1785 561 1861 neque
596 1766 684 1862 quid
712 1769 749 1840 in
776 1791 926 1868 quaque
952 1777 1058 1872 perte
1086 1779 1190 1870 upus'

66 1871 165 1942 esset
190 1869 398 1968 provideri,
424 1901 544 1974 neque
564 1879 610 1951 ab
632 1903 706 1954 uno
724 1886 848 1958 omnia
874 1887 1030 1987 imperia
1057 1886 1180 1964 adrni-

65 1985 217 2057 nistrari
243 1994 431 2087 poterant.
461 1993 589 2090 ltaque
617 1995 655 2068 in
682 2001 791 2072 tanta
815 2023 941 2074 rerum
969 2003 1184 2100 iniquitate,

66 2097 241 2174 fortunae
266 2125 417 2202 quoque
444 2117 603 2182 eventus
630 2113 725 2185 varii
750 2115 1016 2210 sequebantur.

118 2211 180 2286 23.
206 2215 378 2316 Legionis
405 2245 525 2295 nonae
551 2229 590 2298 et
612 2227 777 2302 decimae
797 2231 959 2324 milites,
985 2238 1028 2303 ut
1044 2232 1083 2303 in
1100 2233 1183 2306 siui-

66 2333 146 2400 stra
174 2337 280 2427 par-te
304 2335 386 2408 acie
411 2340 680 2430 constiterant,
707 2342 981 2441 pilisemissis,
1007 2368 1119 2418 cursu
1137 2371 1183 2420 ac

1 2531 3 2538 y
66 2443 285 2524 lassitudine
303 2453 533 2530 exanimatos
552 2457 841 2557 vulneribusque
859 2459 1052 2534 confectos
1071 2465 1185 2536 Atre-

64 2557 176 2633 bates
202 2563 306 2657 (nem
334 2563 390 2640 tris
408 2595 450 2642 ea
469 2595 555 2668 pers
581 2573 804 2671 obvenerat)
832 2571 1002 2649 celeriter
1027 2599 1074 2648 ex
1100 2575 1185 2650 loco

62 2681 315 2777 superiorein
333 2681 472 2760 flumen
496 2687 781 2788 compulerunt,
810 2699 850 2766 et
867 2694 1024 2768 transire
1041 2717 1187 2768 conen-

66 2799 126 2864 tes
153 2795 311 2872 insecuti
329 2801 461 2899 gladiis
478 2825 652 2902 magnam
668 2813 813 2903 partem
832 2831 963 2882 eorum
980 2807 1187 2906 inpeditam

65 2909 350 2988 interfecerunt.
378 2919 452 3014 lpsi
477 2922 634 2992 transire
661 2917 801 2994 flumen
823 2945 898 2994 non
917 2921 1188 2998 dubitaverunt

65 3031 134 3113 et,
160 3027 342 3103 inlocum
360 3034 530 3130 iniquum
551 3038 759 3136 progressi,
784 3059 914 3110 rursus
933 3060 1118 3134 regressos
1137 3060 1184 3110 ac

64 3141 283 3216 resistentes
297 3145 424 3220 hostes
441 3149 698 3250 redintegrato
715 3149 857 3250 proelio
874 3151 914 3222 in
931 3149 1059 3250 fugam
1078 3147 1188 3224 dede-

65 3262 171 3330 runt.
198 3261 294 3334 ltern
320 3262 390 3336 alia
408 3265 446 3336 in
464 3273 570 3364 parte
589 3268 756 3341 diversae
783 3267 879 3340 duae
904 3266 1088 3367 legiones,
1114 3291 1188 3338 un-

64 3371 217 3448 decima
243 3382 282 3450 et
307 3379 468 3472 octava,
490 3371 697 3484 'profligatis
715 3381 1009 3472 Veromanduis,
1036 3381 1189 3480 quibus·

96 3627 132 3681 ee
148 3619 244 3669 trenta
273 3629 348 3672 eraut
378 3623 483 3677 scorto
507 3621 595 3688 beta,

131 3633 149 3734 J
289 3685 292 3692 ,
662 3625 705 3680 cl.
718 3629 742 3679 εἰ
760 3627 784 3678 8.
802 3623 865 3678 inde
876 3630 973 3705 patet,
991 3619 1058 3675 male
1069 3621 1098 3676 in
1112 3619 1205 3676 coddu

66 3701 103 3736 ue
142 3703 230 3738 ermae
254 3695 281 3738 et
298 3689 414 3751 colores,
439 3693 521 3745 scutis
545 3693 596 3746 ad*

661 3693 823 3765 quibusdam
841 3693 889 3762 legs
906 3691 1024 3743 detectus.

65 3751 140 3812 diti,
159 3753 262 3821 pulnere
278 3763 325 3806 eut
341 3760 408 3811 utris
425 3760 522 3811 iniuria
540 3779 596 3813 cor·

62 3829 268 3888 trrrnpereutur.
300 3822 390 3893 Daris.
422 3826 491 3880 Hinc
524 3825 596 3898 apud

67 3886 126 3937 Cic.
145 3887 205 3938 nae
225 3889 258 3940 D.
277 3907 309 3948 2,
330 3901 373 3956 14,
390 3892 538 3961 olJpeorum
555 3901 597 3945 in-

65 3954 186 4004 volucra.
209 3957 246 4005 Μ.
271 3955 327 4007 Alii
354 3959 456 4012 heiste
516 3974 576 4012 enta
585 3999 597 4024 ,

68 4033 211 4089 tegmento.
230 4023 294 4076 Mox
312 4023 358 4077 alii
374 4025 416 4077 det
468 4031 541 4080 enda.

106 4093 136 4137 r'n
148 4093 301 4156 quaerendis
318 4098 377 4144 suis.
391 4093 504 4164 Scaliger
516 4115 534 4147 e
552 4113 599 4149 suo

68 4154 166 4209 codice
187 4161 214 4208 in
235 4162 381 4225 (funerando
402 4179 469 4213 suos.
493 4161 527 4214 ol.
561 4169 600 4216 in·

69 4225 199 4290 quirendo
216 4242 285 4277 suos.
304 4225 425 4281 Ciacoon.
443 4233 600 4299 irrquirendis

66 4307 134 4342 sura.

107 4360 240 4421 deiectus,
265 4359 400 4416 declivitas
422 4364 451 4414 in
481 4361 528 4417 Gr.
546 4379 600 4430 ure·

1 4457 2 4472 r
67 4425 163 4497 dapbr·
194 4431 220 4483 ri
249 4437 289 4484 sui
317 4435 381 4502 ipses
410 4433 527 4495 κᾶτα-κισ.
556 4431 600 4486 Μ·

695 3762 803 3811 diversis
821 3759 882 3810 locis
905 3759 1024 3827 legiones.
1048 3755 1092 3808 sic
1108 3753 1190 3835 pluite

663 3826 777 3907 Graecus
799 3825 833 3878 ul.
850 3827 957 3878 diversis
981 3823 1124 3894 'legionibus
1141 3821 1190 3879 alst

663 3894 933 4013 nitemmvnms.
951 3973 1007 4027 cap.
1028 3974 1067 4024 17.
1083 3955 1123 4008 M.
1154 4022 1160 4034 .
1182 4020 1190 4034 .

697 4032 759 4080 acte.
795 4029 870 4080 Hane
911 4027 1048 4096 antiquam
1080 4022 1191 4092 genitive

666 4096 779 4149 sormam
793 4111 839 4165 pro
856 4096 928 4145 aciei.
948 4091 1065 4170 restituit
1081 4109 1095 4141 e
1111 4087 1190 4142 codd.

665 4161 890 4240 Oudendorpius‚
914 4170 943 4212 et
959 4157 1079 4275 Gelhursn
1095 4157 1132 4274 Ῐξι
1156 4157 1190 4209 A.

667 4249 682 4300 9
694 4225 1101 4366 'idflggi'riitldderiditcgicbdni
1112 4259 1190 4342 codd.

638 4408 642 4415 .
666 4363 711 4417 atii
735 4373 762 4416 et
784 4362 843 4416 edd.
865 4371 919 4416 ‘vet
946 4365 1113 4416 coniecerunt·
1136 4353 1190 4412 Suri

666 4433 702 4485 et.
720 4441 747 4486 et
765 4435 797 4494 5,
815 4435 856 4483 5-1.
