3060 5276
349 397 445 505 470
709 405 766 466 nr
800 405 936 466 ιιιιιιο
971 405 1100 466 civim

344 616 428 686 ndis
455 612 610 698 veerte,
635 625 671 686 et
694 611 739 686 de
763 611 949 710 reserenda
969 615 1096 712 gratia
1122 611 1285 710 cogitare
1307 609 1469 710 incipio·

342 755 439 804 mus.
465 729 582 802 Erant
608 753 737 828 perse
763 751 930 828 magna,
953 751 1049 828 quae
1076 734 1270 827 ‘gesserant
1296 731 1470 824 equites,

342 847 564 946 praesertim
603 867 721 942 quum
766 867 896 918 eorum
947 846 1107 944 exiguus
1151 865 1332 916 numerus
1377 869 1470 918 cum

343 963 453 1031 tanta
492 957 733 1033 multitudine
766 956 1020 1032 Numidarum
1063 957 1329 1043 conferretur3
1373 957 1469 1031 baec

342 1077 472 1146 tamen
499 1073 546 1145 ab
572 1075 659 1172 ipsis
685 1069 849 1147 inflatius
875 1073 1298 1161 commemorabantur,
1333 1078 1380 1146 ut
1423 1073 1469 1144 de

343 1192 420 1264 suis
461 1187 629 1260 homines
666 1185 838 1260 laudibus
872 1185 1033 1262 libenter
1058 1187 1290 1288 praedicant.
1341 1185 1468 1260 Multa

344 1307 538 1403 praeterea
563 1299 680 1402 spolia
707 1302 1044 1402 praeferebantur,
1087 1301 1190 1400 capti
1224 1300 1398 1372 homines
1427 1325 1467 1371 e-

343 1423 538 1519 quitesque
565 1420 889 1518 producebantur:
919 1427 980 1508 ut,
1007 1416 1188 1520 quidquid
1213 1416 1469 1490 intercederet

341 1540 553 1636 temporis,
592 1537 663 1610 boc
698 1561 810 1610 omne
843 1538 1042 1610 victoriam
1081 1537 1220 1610 morari
1259 1532 1469 1609 videretur.

340 1653 403 1726 lta
429 1652 504 1750 spei
532 1650 702 1724 Cononis
728 1651 893 1725 militum
919 1649 1043 1725 studia
1061 1671 1137 1722 non
1156 1647 1321 1720 deerant.
1350 1648 1468 1745 Equi-

342 1772 401 1840 tes
436 1767 539 1864 sequi
574 1766 680 1838 iubet
719 1789 797 1839 sese
831 1768 979 1866 iterque
1014 1763 1229 1852 accelerat,
1269 1767 1315 1834 ut
1348 1785 1466 1860 quam

339 1885 505 1958 maxime
531 1908 578 1956 ex
607 1881 694 1982 luga
720 1885 940 1984 perterritos
966 1882 1103 1958 adoriri
1130 1883 1265 1982 posset.
1304 1879 1463 1966 Atilii,

341 1998 474 2072 itinere
500 1999 618 2072 totius
645 1998 768 2072 noctis
795 1998 982 2088 conferti,
997 1996 1172 2094 subsequi
1191 2019 1265 2068 non
1286 1999 1464 2092 poterant

340 2115 454 2208 etque
488 2109 550 2183 alii
580 2109 652 2186 alio
691 2110 776 2186 loco
809 2113 1045 2186 resistebant.
1097 2111 1153 2185 Ne
1188 2110 1282 2182 baec
1309 2109 1462 2205 quidem

338 2251 399 2302 res
426 2225 628 2300 Curionem
655 2227 702 2300 ad
728 2252 832 2326 spem
858 2229 1090 2302 morabatur.

392 2345 455 2427 40.
481 2339 606 2430 Iuba,
639 2344 777 2415 certior
816 2343 939 2417 factus
973 2369 996 2416 a
1022 2342 1169 2416 Sabura
1195 2339 1240 2414 de
1267 2345 1458 2414 nocturno

338 2456 512 2558 proelio,
547 2455 622 2530 duo
654 2456 756 2530 milia
785 2458 1037 2558 Hispanorum
1064 2465 1104 2534 et
1130 2457 1324 2532 Gallorum
1354 2461 1458 2558 equi-

339 2581 452 2665 tum,
477 2599 570 2672 quos
588 2599 676 2649 suae
708 2575 901 2650 custodiae
927 2601 1057 2650 caussa
1084 2577 1227 2650 circum
1253 2601 1292 2649 se
1319 2577 1458 2650 habere

340 2694 567 2780 consuerat,
606 2696 646 2763 ct
677 2690 847 2788 peditum
873 2715 956 2764 eam
985 2697 1159 2790 partem,
1202 2691 1264 2764 cui
1292 2691 1457 2764 maxime

339 2805 579 2894 confidebat,
613 2805 779 2880 Saburae
806 2807 1019 2880 submittit:
1057 2810 1141 2907 ipse
1181 2832 1269 2882 cum
1304 2808 1457 2906 reliquis
1508 2822 1515 2838 '¹

339 2924 454 3022 copiis
481 2921 757 3021 elephantisque
797 2925 992 3023 sexaginta
1027 2923 1164 2998 lentius
1190 2927 1457 3023 subsequitur,
1514 2995 1515 3010 .

337 3043 572 3139 suspicatus,
599 3041 807 3140 praemissis
834 3041 1052 3138 equitibus,
1080 3045 1202 3141 ipsum
1231 3043 1360 3117 adfore
1377 3046 1456 3118 Cu·
1514 3011 1515 3088 l

335 3157 493 3232 monem.
518 3157 663 3232 Sabura
688 3156 815 3256 copias
841 3160 1011 3256 equitum
1037 3159 1279 3259 peditumque
1298 3163 1454 3235 instruit

365 3505 584 3579 praeferebantur.
634 3510 742 3564 llotom.
768 3509 860 3566 mallet

330 3575 539 3645 proterebantur.

368 3643 481 3696 homines
493 3648 645 3714 equitesque.
663 3645 724 3716 Lep.
737 3651 857 3766 equqqpueti

248 3753 253 3764 .
332 3718 364 3765 ut
388 3710 469 3762 multi
493 3721 673 3764 monuerunt:
701 3731 764 3765 nam

331 3794 392 3828 cum
419 3776 577 3845 quibusdam
609 3779 763 3847 persuadere
791 3781 858 3832 mibi

332 3860 388 3896 non
415 3861 536 3913 possum,
559 3845 680 3902 homines
704 3865 759 3900 erse
786 3846 813 3898 b.
837 3847 857 3898 l.

330 3909 443 3990 pedites.
463 3911 499 3962 M.
517 3912 557 3963 lte
576 3922 663 3965 tamen
681 3923 707 3966 et
725 3913 818 3966 Livius
832 3933 856 3982 9,

330 3980 747 4116 53..“.‘l.i'³n‘i.'”.²i⁴lii..l.⁰'il”li
757 3993 858 4100 ‘titt

330 4111 367 4163 ob
387 4121 506 4164 onuutur
527 4117 650 4182 equitibus
676 4134 739 4168 mox
763 4134 786 4168 c.
814 4127 855 4181 41.

330 4130 450 4232 Ctpnot.
466 4179 500 4232 ud
522 4181 557 4234 G.
576 4187 604 4242 5,
626 4199 663 4234 ιο.
686 4193 714 4235 et
736 4183 854 4238 Gronov.

330 4247 365 4298 ad
381 4245 441 4300 Liv.
460 4251 506 4310 28,
527 4265 548 4298 ι.
566 4249 634 4300 Item
651 4254 701 4303 viri
717 4251 790 4322 opud
808 4251 855 4302 Li-

330 4315 403 4365 rium
428 4333 474 4376 21,
498 4331 538 4380 27.
564 4315 611 4369 ubi
635 4335 660 4368 v.
686 4318 802 4372 Gronov.
828 4327 855 4370 et

330 4379 404 4449 apud
426 4381 524 4434 Silium
550 4403 580 4450 9,
598 4389 655 4436 55.
681 4385 796 4438 Domum
822 4405 854 4436 co

329 4465 407 4500 seusu
423 4457 451 4501 et
467 4455 599 4502 exactem.
644 4489 649 4502 .
670 4469 697 4520 9,
716 4459 743 4518 5,
760 4470 797 4505 ro.
815 4453 854 4504 lu·

924 3513 1008 3566 riuius
1024 3512 1074 3582 leq.
1090 3511 1151 3570 vult
1166 3511 1295 3575 bonum,
1312 3517 1384 3584 equi,
1399 3527 1453 3566 tor

924 3600 994 3699 quelli
1007 3665 1075 3715 rpem
1091 3647 1251 3700 morabauer.
1287 3648 1359 3718 quod
1376 3647 1451 3701 adti-

923 3717 1004 3768 nebat
1015 3713 1050 3766 ed
1062 3715 1116 3767 eius
1127 3733 1214 3784 spem.
1231 3715 1333 3784 Vulgo,
1354 3719 1386 3767 ab
1398 3735 1450 3783 spe.

923 3811 956 3820 -
981 3783 1170 3861 'l'emcritrtem
1199 3783 1323 3861 Curionis
1346 3787 1450 3854 Appia-

922 3849 1228 3995 πποειιππ,
1244 3851 1450 3996 ποοπ

921 3984 1450 4130 ππιπππππππ

921 4117 1450 4251 tttlt.b5“·..²⁰c.⁸i‚¹3t“.ttti

920 4253 1246 4400 qupppppqppsdqthqnnxp
1263 4330 1356 4400 contra
1372 4321 1450 4400 codd.

920 4385 1026 4506 mque
1048 4405 1077 4441 ιιι
1106 4387 1266 4459 quibusdam
1295 4397 1449 4452 omittitur,
