3068 5260
322 353 325 358 Δ
435 403 517 464 arn.
551 402 579 462 ι.
614 393 705 466 cnr.
744 372 785 465 6.
821 406 863 498 7.
1142 407 1191 466 ιι

148 621 180 691 7.
203 595 349 673 Caesari
376 623 494 698 quum
511 603 549 675 id
567 606 785 678 nunciatum
812 608 932 694 esset,
955 625 1017 678 eos
1034 625 1101 716 pe)
1117 605 1203 676 Pro

100 715 252 787 vinciam
272 720 441 788 nostram
458 719 530 790 iter
549 720 670 792 facere
689 723 837 811 conari,
863 725 1029 793 maturat
1045 721 1090 793 ab
1111 721 1203 794 urbe'

99 831 301 932 proficisci3
342 839 405 921 et,
432 858 544 930 quam
572 837 745 932 maximis
771 841 896 934 potest
921 837 1141 928 itineribus,
1165 839 1205 910 in

101 947 253 1053 Galliam
290 947 507 1023 ulteriorem
535 952 731 1024 contendit
757 959 795 1025 et
821 953 869 1024 ad
902 953 1092 1026 Genevam
1119 980 1207 1054 per-

99 1063 216 1135 venit:
243 1063 461 1136 Provinciae
487 1066 561 1136 toti
587 1090 700 1162 qnam
728 1069 935 1140 maximum
961 1075 1084 1168 potest
1106 1068 1207 1140 mili-

99 1183 176 1250 tum
204 1199 401 1249 numerum
428 1179 611 1278 imperat:
641 1181 750 1276 (erat
776 1183 927 1253 omnino
954 1184 992 1255 in
1014 1179 1135 1254 Gallia
1153 1180 1209 1254 ul·

99 1291 228 1365 teriore
253 1289 349 1392 legio
376 1295 479 1388 nna)
507 1303 682 1392 pontem,
715 1295 888 1392 quierat
920 1295 966 1367 ad
998 1295 1209 1384 Genevam,

99 1408 197 1482 iubet
215 1408 387 1481 rescindi.
413 1410 486 1482 Ubi
505 1410 549 1482 de
568 1413 645 1482 eius
663 1411 828 1485 adventu
845 1412 1014 1486 Helvetii·
1029 1415 1209 1485 certiores

99 1523 184 1598 lacti
210 1531 317 1613 sunt,
341 1521 484 1622 legatos
502 1525 550 1597 ad
568 1549 653 1598 eum
675 1529 855 1618 mittunt,
881 1528 1128 1602 nobilissimos
1155 1531 1210 1602 ci·-

100 1639 253 1728 vitatis,
300 1639 406 1710 cuius
444 1637 640 1738 legationis
678 1642 855 1715 Nameius
888 1648 928 1715 et
960 1642 1212 1716 Verucloetius

99 1753 302 1852 principem
327 1751 454 1825 locum
478 1756 722 1846 obtinebant,
749 1757 813 1854 qni
831 1755 1022 1841 dicerent,
1049 1758 1119 1830 sibi
1134 1783 1212 1831 esse

97 1871 135 1938 in
159 1872 307 1950 animo,
333 1873 410 1972 sipe
432 1869 503 1939 ullo
521 1865 696 1966 maleficio
721 1875 792 1944 z'tcr
813 1897 881 1965 per
905 1871 1135 1946 Provinciam
1141 1869 1213 1966 fir.-

97 2011 200 2074 cere,
221 1999 408 2084 propterea
434 1985 532 2081 quod
553 1986 655 2058 aliud
677 1991 746 2058 iter
770 1985 937 2062 haherent
961 1989 1126 2059 nnllum:
1151 2015 1214 2060 ro·

94 2113 275 2202 gnre,-ut
298 2105 376 2172 eius
402 2103 579 2174 voluntate
603 2100 644 2172 id
666 2101 736 2171 sibi
746 2101 878 2192 facere
902 2101 1020 2172 liceat.
1047 2102 1213 2189 Caesar,

98 2213 198 2312 quod
226 2215 405 2292 memoria
432 2215 610 2299 tenebat,
636 2217 678 2286 L.
704 2216 872 2286 Cassium
899 2215 1096 2288 Consulem
1116 2216 1215 2287 occi-

97 2353 179 2402 sum
191 2381 205 2414 ,
232 2327 512 2428 exercitumque
539 2329 617 2428 ejus
643 2329 690 2399 ab
718 2328 899 2402 Helvetiis
919 2327 1066 2428 pulsum
1088 2335 1126 2400 et
1144 2331 1213 2400 sub

99 2443 230 2544 iugum
257 2444 436 2532 missum,
470 2445 750 2516 concedendum
777 2467 852 2515 non
879 2445 1057 2541 putabat:
1094 2465 1215 2539 neque

97 2559 269 2640 homiues
292 2557 446 2636 inimico
472 2563 626 2652 animo,
649 2559 737 2634 data
762 2557 941 2638 [acultate
966 2583 1033 2664 per
1058 2559 1215 2632 Provin-

98 2851 209 2914 vctios3
233 2855 292 2899 tum
317 2837 388 2898 o'nim
412 2845 446 2900 ud
471 2845 625 2925 pingoues,
664 2863 756 2914 igar,
785 2863 863 2923 aper,
897 2852 925 2898 ct
944 2846 1002 2900 alla
1028 2845 1121 2906 aliud,
1153 2847 1216 2930 quia

98 2935 157 2970 non
189 2915 222 2968 orl
252 2913 359 2966 Aeduos
371 2951 378 2974 ,
408 2913 489 2980 legatr
513 2915 626 2966 luissent
691 2931 723 2964 cx
761 2909 812 2964 alro
847 2912 905 2965 loco
940 2912 1075 2966 translatu.
1111 2913 1217 2966 Rsctrns

98 2982 239 3038 mittendi.
263 2981 373 3059 ltaque,
390 2981 419 3032 ni
445 2979 519 3033 aliud
538 2980 627 3032 obstet

97 3046 627 3184 :affligit-²¹⁸...ludmila

121 3185 226 3236 unestio
244 3149 320 3234 nullo
344 3182 423 3234 modo
446 3199 501 3233 esse
551 3190 627 3233 otest.

96 3205 277 3304 ss’Anviuius
293 3250 392 3310 etiam,
412 3200 629 3318 Gcograpliorum

93 3318 248 3390 superioris
272 3316 369 3369 saeculi
395 3317 534 3434 princeps,
560 3317 629 3368 inta-

94 3396 178 3438 ctum
200 3385 319 3442 Caesaris
346 3383 434 3434 locum
464 3383 572 3452 reiqnit
600 3383 629 3434 in

91 3454 200 3508 Netice
224 3451 257 3504 de
279 3451 305 3503 la
325 3449 411 3504 Gaulo
432 3467 487 3520 pag.
509 3455 566 3516 ⁵99·

135 3525 189 3572 vce
212 3537 273 3587 qua.
299 3519 317 3569 i.
348 3537 370 3570 c.
399 3535 451 3587 qua
483 3527 554 3586 perte
582 3535 629 3568 seu

96 3590 210 3705 raptorio
226 3585 273 3701 v'px
286 3585 353 3655 sing.
374 3604 400 3664 c.¹
420 3583 496 3702 da}-
513 3583 545 3634 lu
569 3583 630 3638 edd.

150 3672 193 3703 ⁰.
268 3691 277 3714 ,
316 3671 349 3702 uo
371 3671 428 3702 vex.
484 3687 491 3700 .

95 3669 322 3788 vuddmersoguni.
372 3718 451 3774 Teste
500 3716 632 3776 Strabone

93 3789 133 3840 1..
149 3797 175 3853 4.
190 3807 216 3858 p.
233 3789 287 3838 186.
304 3783 554 3838 multislromiuum
572 3785 633 3837 ruil-

96 3855 179 3908 libus
202 3856 233 3906 in
259 3853 358 3906 alienas
383 3861 471 3904 cerras
516 3853 632 3906 nondam

95 3921 294 4001 expeditiones
315 3937 459 4038 suscepere.
485 3871 556 3972 lirae
585 3938 633 3971 uo-

96 3990 190 4043 mrnis
203 3989 288 4041 ”ratio
327 4005 359 4040 ex
399 3988 477 4056 inguar
509 3985 630 4046 ‚Celticu,

97 4057 160 4114 au,
187 4055 273 4120 alius}
293 4055 356 4117 bro,
382 4063 457 4110 terra·
488 4053 520 4104 V.
547 4055 634 4122 Origi-

95 4141 154 4177 nes
174 4121 336 4182 Gauloises,
362 4131 467 4174 anctore
494 4122 551 4173 viro
579 4122 633 4173 mi-

99 4189 181 4256 litari
198 4189 297 4240 eximio
316 4187 416 4244 Latous
442 4187 633 4257 d’Auvergoe,

13 4243 16 4290 l
95 4257 133 4308 in
147 4275 253 4326 nupero
269 4254 340 4308 hello
356 4257 384 4307 in
398 4257 541 4311 Germania
552 4274 634 4307 caeso.

101 4327 130 4374 8.
149 4323 234 4376 Paris.
258 4342 281 4375 a.
302 4323 333 4374 V.
356 4341 381 4393 p.
402 4326 457 4387 ι84.
474 4321 531 4376 Iuro
550 4322 635 4376 Sebo-

98 4387 203 4446 linstcs
229 4389 360 4442 lurcualis
387 4390 421 4442 ud
443 4394 486 4459 87
515 4389 571 4454 234.
592 4390 637 4442 dc-

98 4458 183 4510 xii-'ot
203 4476 302 4510 uomcn
326 4457 411 4528 gantis
434 4457 513 4510 etiam
533 4475 555 4514 ,a
577 4457 636 4517 bm-

694 2981 781 3032 iorsan
801 2979 928 3032 O·Brien
950 2981 978 3033 iu
1008 3001 1023 3034 o
1059 3000 1085 3034 ιο
1112 2981 1157 3034 cit.
1182 2977 1217 3032 ad

693 3065 716 3098 c.
750 3049 786 3097 ι6.
818 3047 892 3099 ducit
924 3065 955 3098 ex
985 3049 1018 3100 lli
1040 3047 1218 3100 eruo-Celtcai

692 3112 784 3180 lingua
810 3113 844 3164 ab
871 3114 935 3175 aru,
962 3133 1063 3194 rupes,
1093 3124 1121 3166 ct
1139 3115 1215 3182 breg,

694 3179 845 3241 habitatio,
868 3183 976 3252 rupium
999 3181 1096 3234 rurales
1123 3179 1218 3260 dictos.

695 3265 822 3434 ptiriali-
835 3261 950 3367 pilidudi
968 3249 1045 3386 lircil
1047 3249 1147 3368 Ιιι(ι1ι;<ι).ῐῃ
1142 3257 1218 3368 emili0
1247 3323 1254 3336 '

713 3383 769 3452 pit.
800 3381 859 3434 Liv.
898 3380 946 3434 lib.
984 3381 1038 3434 103.
1083 3383 1139 3434 Hoc
1166 3383 1220 3434 iam

697 3468 788 3501 omues
810 3451 969 3519 interpretes
986 3456 1156 3500 monuerunt.
1176 3447 1219 3499 M.

696 3516 765 3569 Male
793 3517 903 3586 quidam
930 3515 1033 3568 addunt
1057 3516 1085 3566 P.
1109 3517 1141 3568 R.
1168 3515 1222 3566 Po-

694 3584 756 3654 pulo
779 3585 915 3642 Ronmno,
942 3585 1036 3634 invitis
1059 3581 1135 3634 codd.

731 3650 787 3701 Pis.
817 3651 909 3700 Gatin.
941 3651 1014 3702 Coss.
1041 3649 1105 3700 Fuit
1134 3665 1222 3706 sunus

697 3716 732 3772 V.
752 3717 782 3768 C.
806 3720 864 3785 696,
891 3715 934 3768 M.

732 3801 809 3852 quam
824 3787 965 3838 munnam
981 3795 1064 3851 polest
1076 3782 1133 3832 mil.
1152 3797 1222 3833 num.

700 3856 733 3909 Τὶ
787 3863 838 3902 rest
854 3867 908 3902 uon
927 3849 951 3902 le
969 3851 1023 3900 itur
1039 3852 1068 3900 in
1085 3849 1126 3902 sd.
1147 3849 1222 3904 llum.

699 3921 743 3972 Me
765 3917 808 3970 iol.
838 3917 906 3971 Veu.
965 3917 1086 3972 cmmode
1117 3934 1224 3988 quoque

699 3985 824 4039 abluerit.

734 4071 838 4122 rogare.
870 4051 904 4104 al.
932 4063 1115 4170 rogarentpuc.

692 4149 694 4152 ·
735 4121 852 4172 Cassium
869 4149 902 4160 -
924 4126 1038 4172 occisum.
1072 4117 1118 4171 Ἡ.
1141 4136 1164 4170 c.
1183 4133 1224 4178 ra.

701 4187 824 4258 Epitome
845 4187 903 4239 Liv.
923 4186 970 4240 lib.
993 4193 1034 4238 65.
1050 4185 1223 4238 Iilseldisanus.

701 4256 809 4306 Factum
829 4253 858 4307 id
878 4272 949 4307 anuo
973 4253 1007 4308 V.
1035 4253 1066 4305 C.
1089 4255 1145 4316 646.
1180 4251 1222 4303 ef.

703 4321 819 4388 Pighius.

736 4391 780 4440 snb
793 4393 886 4458 iugum.
901 4388 935 4442 al.
946 4389 990 4440 sub
1003 4391 1072 4457 iugo.
1087 4393 1117 4438 ut
1128 4385 1177 4444 Lis
1196 4383 1224 4454 3,

705 4457 745 4508 28.
