3060 5276
306 405 309 414 ·
375 367 468 486 460
701 373 704 382 '
741 401 795 460 nn
832 399 965 460 nunno
1002 397 1129 460 crvur

371 603 478 689 facile
505 603 745 678 eniterentur.
799 604 872 678 Sed
899 609 1195 704 praeoccupatus
1229 605 1379 678 animus
1419 601 1489 677 At-

371 720 559 790 tianorum
588 719 751 793 militum
779 724 915 794 timore
942 725 981 792 et
1008 721 1098 820 fuga
1119 725 1159 792 et
1176 719 1290 791 caede
1316 743 1489 808 suorum,

370 834 460 908 nibil
488 835 531 906 de
559 837 762 909 resistendo
790 837 1010 936 cogitabat,
1045 859 1248 933 omnesque
1272 837 1350 908 iam
1379 860 1420 908 se
1448 839 1488 908 ab

369 953 538 1046 equitatu
566 953 828 1024 circumveniri
855 951 1146 1024 arbitrabantur.
1199 951 1330 1048 Itaque
1359 952 1488 1050 prius,

369 1093 483 1165 quam
511 1067 628 1141 telum
657 1069 765 1142 adiici
794 1075 944 1168 posset,
986 1073 1053 1140 aut
1093 1067 1210 1139 nostri
1243 1069 1401 1165 propius
1429 1093 1488 1140 ac·

369 1185 572 1274 cederent,
605 1187 725 1258 omnis
767 1185 853 1258 Vari
882 1188 979 1256 acies
1006 1191 1113 1282 terga
1147 1186 1269 1257 vertit
1303 1209 1423 1282 seque
1456 1189 1488 1258 in

282 1285 286 1294 ¹
369 1307 493 1372 castra
521 1281 673 1400 recepit.
853 1353 856 1360 ·

420 1415 483 1488 35.
497 1418 579 1507 Qua
599 1417 635 1486 in
655 1415 741 1514 fuga
758 1413 896 1486 Fabius
922 1411 1097 1513 Pelignus
1127 1409 1306 1511 quidam,
1327 1436 1387 1485 wex
1408 1413 1485 1484 infi-

372 1532 444 1603 mis
470 1531 661 1607 ordinibus
688 1530 732 1603 de
759 1531 924 1602 exercitu
952 1529 1148 1620 Curionis,
1169 1528 1331 1628 primum
1357 1555 1489 1630 agmen

366 1643 591 1744 fugientium
618 1649 866 1728 consecutus,
895 1669 1030 1744 magna
1058 1667 1151 1716 voce
1167 1643 1316 1720 Varum
1337 1647 1487 1718 nomine

370 1759 559 1858 adpellans
574 1761 788 1868 requirebat
808 1789 816 1829 :
844 1768 898 1834 uti
931 1787 1027 1833 unus
1045 1785 1122 1834 esse
1143 1785 1191 1832 ex
1208 1763 1287 1834 eius
1305 1762 1485 1836 militibus

369 1879 407 1946 et
434 1897 586 1946 monere
613 1873 750 1970 aliquid
768 1873 861 1947 velle
880 1875 1060 1948 aedicere
1079 1875 1284 1948 videretur.
1311 1875 1389 1948 Ubi
1410 1877 1485 1968 ille,

365 1989 531 2086 saepius,
547 1987 751 2088 adpellatus
769 1989 938 2088 adspexit
955 2015 999 2062 ac
1017 1990 1156 2062 restitit
1170 1995 1230 2078 et,
1263 1991 1351 2086 quis
1366 1997 1480 2074 esset,

368 2108 436 2172 aut
463 2103 551 2200 qnid
578 2103 715 2194 vellet,
742 2105 951 2203 quaesivit;
986 2105 1184 2177 humerum
1213 2109 1391 2202 apertum
1419 2103 1482 2202 gla-

291 2269 295 2282 .
369 2213 601 2316 dio-adpetit
627 2219 867 2317 paullumque
895 2217 1043 2309 abfuit,
1076 2219 1165 2316 quin
1193 2219 1340 2288 Varum
1368 2219 1481 2290 inter·

364 2331 518 2406 ficeret:
554 2335 654 2433 quod
689 2335 749 2409 ille
785 2333 1018 2435 periculum,
1058 2335 1207 2407 sublato
1234 2333 1281 2405 ad
1308 2335 1394 2406 eius
1422 2361 1479 2408 co-

363 2457 496 2522 natum
523 2459 659 2540 scuto,
685 2453 832 2525 vitavit.
859 2451 1018 2535 Fabius,
1046 2477 1066 2524 a
1095 2451 1272 2550 proximis
1300 2450 1479 2524 militibus

364 2564 672 2654 circumventus,
699 2565 934 2638 interficitur.
986 2565 1067 2637 Hac
1095 2565 1319 2665 fugientium
1350 2565 1479 2637 multi·

363 2679 495 2752 tudine
522 2707 566 2753 ac
593 2682 703 2754 turba
724 2687 855 2780 portae
877 2688 1088 2755 castrorum
1108 2685 1349 2780 occupantur
1367 2689 1479 2779 atque

362 2797 436 2868 iter
460 2798 677 2894 inpeditur;
719 2797 915 2896 pluresque
942 2800 979 2870 in
1006 2823 1051 2870 eo
1078 2797 1163 2871 loco
1189 2801 1266 2871 sine
1296 2798 1479 2890 vulnere,

363 2937 478 3010 quam
496 2915 533 2986 in
551 2914 691 3014 proelio
710 2921 776 2988 aut
795 2915 910 3014 loga,
936 2917 1154 3002 intereunt,
1173 2939 1293 3012 neque
1313 2916 1479 2990 multum

363 3033 509 3118 abfuit,
543 3035 773 3130 quinetiam
808 3033 940 3105 castris
967 3031 1266 3132 expellerentur:
1305 3059 1352 3107 ac
1388 3061 1479 3109 non

360 3143 451 3218 nulli
472 3148 638 3244 protinus
658 3147 787 3220 eodem
807 3171 920 3219 cursu
937 3147 974 3218 in
991 3146 1167 3245 oppidum
1187 3149 1477 3222 contenderunt.

360 3260 460 3348 Sed,
486 3285 600 3357 quum
621 3261 692 3334 loci
714 3268 847 3335 natura
867 3267 906 3334 et
925 3263 1083 3333 munitio
1101 3267 1311 3334 castrorum
1330 3263 1477 3336 aditum

359 3375 607 3472 prohibebat;
636 3383 717 3450 tum
745 3375 846 3474 quod
865 3376 911 3449 ad
930 3375 1113 3476 proelium
1140 3377 1275 3477 egressi
1302 3379 1477 3452 Curionis

353 3704 789 3840 immadi?
802 3705 880 3844 zu:
946 3707 1474 3851 ...mtttmaloetgtdsj

357 3840 453 3890 labarit.
471 3837 700 3906 velp1·aeoooupatt
717 3844 805 3890 animi.
946 3843 1063 3896 Vossius.

299 3961 302 3964 ,
390 3905 502 3975 etsuga.
528 3905 615 3957 Marcl.
634 3926 660 3986 p.
680 3910 736 3958 268.
755 3907 829 3958 malit
846 3927 879 3958 ar
1149 3952 1154 3964 .
1320 3957 1326 3967 ,
1458 3962 1473 3975 „

350 3971 424 4042 firgo.
448 3991 502 4023 nou
520 3972 602 4033 male,
625 3992 647 4024 ει
669 3973 746 4026 codd.
769 3973 879 4027 addice·
979 3947 1107 4019 Hmsuff'
1126 3949 1171 4004 8¹⁶
1185 3951 1261 4006 ΨΜ·
1278 3955 1402 4024 qmdm·
1421 3961 1474 4014 Ah

355 4049 422 4090 rent.
458 4040 497 4091 ltu
525 4039 616 4092 Daris.
646 4042 713 4092 iufra
740 4044 776 4101 3,
805 4053 877 4109 ape
945 4017 995 4078 ‘1⁰’
1015 4017 1079 4068 “⁰¹¹¹
1096 4019 1130 4070 A·

355 4105 431 4186 codd.
450 4109 564 4186 reposuit
582 4109 661 4158 odore
679 4121 745 4159 tetro
763 4127 796 4158 ear
816 4107 878 4160 narrt·
977 4125 1074 4174 aditum
1096 4125 1254 4194 prohibebat,
1294 4129 1383 4184 genu·
1412 4132 1474 4186 veh-p

354 4185 388 4224 tn
404 4174 492 4252 cudae.
510 4191 548 4226 nc
565 4185 592 4226 et
610 4169 649 4236 3,·
668 4183 707 4228 ιδ.
726 4193 773 4255 pro
789 4179 877 4226 aroino
943 4191 1014 4242 „dim
1028 4191 1207 4260 prohibebant.

353 4241 587 4426 iglftegtossigngpge
604 4242 680 4294 codd·
698 4241 809 4318 qnidam
832 4244 877 4296 ha.
976 4322 1030 4360 tum
1047 4309 1124 4380 quod.
1144 4311 1174 4364 ld
1192 4325 1257 4374 bam,
1276 4313 1347 4366 mule
1370 4327 1433 4368 ante
1449 4327 1471 4365 at

354 4374 468 4495 doddcrcde
485 4379 508 4426 vi
526 4387 620 4426 ereum
665 4375 780 4430 lux-iuius
798 4375 877 4440 malit
941 4382 1202 4499 affitiguppsitum,
1217 4379 1268 4435 buc
1278 4401 1293 4434 c
1303 4382 1381 4438 codd.
1403 4394 1472 4437 tnu-
