3028 5258
695 351 752 434 nr
787 369 921 432 russo
955 371 1083 432 crvrsr
1144 398 1149 408 ·

339 343 430 442 526

335 580 517 685 progressi
530 575 636 665 loco,
660 577 701 652 in
726 599 874 652 sommo
889 576 1155 650 constiterant:
1173 573 1281 672 siper
1298 571 1460 649 declive

334 717 412 770 sese
439 695 674 791 reciperent,
712 698 860 766 nostros
898 714 945 764 ex
980 689 1170 789 superiore
1209 689 1462 785 insequentes

335 807 422 882 loco
449 807 700 880 verebanturr
727 831 846 906 neque
872 805 1036 880 multum
1063 803 1115 882 ad
1141 801 1230 879 solis
1267 825 1457 879 mensum

334 927 529 1022 supererat
566 923 745 1020 temporis
759 949 771 1009 3
786 997 790 1005 ,
805 945 868 1020 spe
908 922 1009 996 enim
1048 913 1269 1012 conficiendi
1307 917 1459 1014 amutii

333 1063 450 1140 prope
475 1041 515 1114 in
541 1046 691 1114 noctem
719 1063 799 1116 rem
825 1039 1022 1112 duxerant.
1055 1039 1132 1126 lta,
1157 1033 1376 1112 necessario
1396 1039 1454 1108 at·

335 1181 407 1254 que
434 1179 481 1228 ex
506 1161 673 1255 tempore
700 1163 810 1256 capto
837 1153 1016 1243 consilio,
1032 1152 1233 1252 Pompeius
1250 1147 1454 1232 tumulum

335 1271 537 1370 quemdam
563 1273 781 1372 occupavit,
821 1271 884 1370 qui
923 1276 1074 1344 tantum
1110 1269 1241 1344 aberat
1266 1293 1289 1342 a
1316 1275 1461 1344 nostm.

311 1469 314 1476 ,
336 1387 514 1480 castello,
533 1394 577 1460 ut
600 1386 718 1462 telum
744 1392 1024 1460 tormentumve
1050 1387 1207 1460 nusum
1237 1383 1341 1483 adigi
1377 1409 1455 1458 non

334 1511 472 1607 posset.
532 1504 614 1578 Hoc
654 1500 822 1576 consedit
845 1500 931 1576 loco
956 1509 1071 1602 abpre
1094 1527 1183 1580 eum
1213 1504 1455 1578 communiit

338 1643 540 1718 omnesque
565 1619 618 1692 ibi
645 1619 770 1718 copias
788 1619 988 1694 continuit.

385 1735 447 1806 52.
471 1734 613 1806 Eodem
640 1738 809 1831 tempore
836 1733 983 1806 duobus
1020 1739 1211 1833 praeterea
1242 1729 1338 1806 locis
1375 1755 1449 1832 pu-

331 1857 490 1950 gnatum
515 1854 599 1922 est:
627 1871 715 1920 nam
740 1847 847 1946 plura
873 1845 1026 1922 castella
1052 1850 1249 1948 Pompeius
1277 1847 1450 1948 pariter,

332 1963 560 2040 distinendae
578 1987 711 2036 manus
737 1987 889 2054 caussa,
915 1969 1293 2053 tentaverimus:
1318 1961 1448 2061 proxi·

330 2081 403 2154 mis
428 2078 617 2178 praesidiis
641 2080 810 2154 succurri
837 2087 972 2181 posset.
1024 2077 1112 2154 Uno
1137 2075 1221 2152 loco
1248 2073 1447 2150 Volcatius

331 2191 463 2266 Tullus
487 2194 657 2292 inpetum
682 2191 837 2294 legionis
861 2193 1043 2268 sustinuit
1076 2190 1296 2280 cohortibus
1325 2191 1452 2265 tribus

331 2315 445 2409 atque
459 2333 542 2382 eam
559 2308 644 2382 loco
658 2307 822 2409 depulit;
856 2308 973 2385 altero
992 2309 1188 2397 Germani,
1215 2307 1448 2382 munitiones

331 2434 478 2500 nostras
496 2427 649 2526 egressi,
667 2425 921 2526 compluribus
937 2426 1164 2519 interfectis,
1189 2449 1269 2502 sese
1285 2423 1338 2500 ad
1354 2449 1447 2500 suos

329 2542 536 2618 incolumes
561 2549 794 2644 receperunt

345 2731 348 2738 ,
381 2653 444 2730 53.
471 2658 527 2728 lta
555 2681 629 2730 uno
657 2657 716 2732 die
741 2681 806 2731 sex
819 2657 969 2758 proeliis
981 2621 1113 2748 iactis,
1129 2655 1251 2732 tribus
1267 2615 1317 2730 ad
1343 2657 1448 2750 Dyr-

329 2771 547 2860 rhachium,
573 2774 693 2846 tribus
719 2773 766 2845 ad
785 2775 1035 2864 munitiones,
1057 2797 1174 2872 quum
1191 2773 1330 2848 borum
1363 2799 1442 2846 om·

331 2885 434 2961 nium
461 2885 557 2956 ratio
582 2885 799 2977 haberetur,
816 2887 863 2962 ad
881 2887 1041 2962 duorum
1056 2887 1201 2962 milium
1215 2911 1375 2961 numero
1397 2911 1444 2960 ex

329 3001 562 3102 Pompeianis
589 3001 764 3079 cecidisse
781 3007 1079 3106 reperiebamus,
1096 3016 1274 3081 evocatos
1304 3005 1445 3080 Ceratu-

331 3271 501 3392 τώιῑενιηε.
518 3271 567 3326 Sic
588 3270 673 3326 Godd.
701 3271 759 3327 Alii
774 3273 854 3326 dedu·

349 3357 394 3390 ern
425 3375 434 3390 .

363 3429 518 3470 mennatum
533 3423 644 3472 nusswn.
661 3417 715 3471 vid.
733 3417 793 3471 lud.
809 3417 853 3472 M.

327 3477 407 3536 Idem
431 3504 486 3538 esse
508 3485 622 3546 volunt,
651 3484 724 3555 qiaod
743 3491 780 3547 8,
813 3497 853 3548 ¹4·

330 3561 457 3602 tormento
468 3556 545 3604 mnan
557 3554 618 3604 tela.
630 3551 748 3621 Quidam
761 3561 853 3606 nostro

329 3615 414 3671 local
462 3619 581 3672 nienhem
593 3631 719 3672 tormento
736 3623 854 3680 nussum,

351 3683 403 3736 uod
440 3683 595 3738 ibrnriorum
622 3705 730 3740 manum
773 3686 852 3740 rodit·

328 3701 451 3802 aeterum
471 3763 624 3804 torminum
668 3773 696 3806 ro
758 3773 774 3804 o
792 3771 853 3823 gra·

328 3819 400 3868 viora
423 3818 556 3886 accipitur·
578 3819 610 3874 V·
636 3771 679 3874 (ξ
722 3858 729 3881 ,
752 3825 793 3870 25.
819 3821 851 3873 C.

328 3899 360 3942 2,
381 3882 481 3948 14.Al.
502 3903 540 3952 ¹9·
557 3883 625 3939 sut.
643 3829 728 3938 Theb.
746 3905 773 3955 9,
796 3891 851 3953 14⁶.

328 3949 405 4004 Curt-
424 3959 460 4014 4,
488 3970 524 4012 2.
553 3969 577 4020 9.
605 3953 706 4006 Eodem
728 3971 806 4006 sensu
824 3963 852 4006 at

327 4017 420 4069 baben
436 4015 529 4086 legitor
546 4019 619 4090 apud
636 4019 719 4072 Pleut.
732 4019 807 4072 Trin-
821 4023 850 4078 3.

327 4102 360 4204 ἦ.
378 4083 418 4163 43.
437 4083 558 4204 et8d02b.
574 4086 650 4157 liisp.
671 4083 710 4138 1³.
727 4086 806 4140 Cani.
824 4095 852 4140 et

354 4169 461 4204 onrnsr
491 4190 500 4211 ,
538 4169 562 4204 a.

359 4247 513 4295 wmnauruit.
531 4243 587 4298 Alii
605 4249 751 4298 communiit.

360 4339 394 4388 nd
402 4337 594 4408 antannm
604 4369 637 4380 -
648 4343 683 4394 ad
690 4345 851 4395 nuenitr'oner.

328 4397 419 4460 Canu
439 4424 456 4458 a
478 4405 589 4461 cuntis
616 4408 851 4478 (munitionibus)

919 3405 984 3460 duna
1016 3417 1098 3488 Ιηιμ
1127 3407 1269 3478 Pomperns
1290 3417 1443 3488 sauream

919 3485 991 3594 ss
1008 3493 1250 3598 seuerae
1266 3478 1445 3622 uun

919 3617 947 3660 et
973 3608 1007 3663 ad
1036 3627 1126 3662 muros
1166 3609 1237 3680 Dyrr
1286 3607 1328 3663 bri
1354 3620 1382 3662 et
1409 3609 1442 3662 ad

919 3683 1002 3729 castra
1026 3676 1145 3730 Caesaris
1159 3688 1304 3748 pugnatum
1321 3685 1372 3728 est.
1389 3677 1440 3730 rid

919 3745 1036 3814 Appiam
1054 3753 1083 3796 et
1098 3743 1150 3796 Dic
1168 3745 1239 3800 Cass
1257 3743 1285 3798 d.
1301 3741 1322 3796 l.
1340 3743 1379 3794 Μ.

951 3835 988 3886 ad
1013 3837 1123 3888 monam
1144 3837 1200 3888 mil.
1225 3836 1441 3902 (multimdinern

918 3921 941 3955 s.
957 3909 1101 3966 marn)
1117 3920 1232 3956 mamm.
1249 3901 1304 3984 Sed
1322 3903 1442 3973 plerique

918 3967 1441 4115 testanteesaia

918 4115 1030 4172 quatuor
1040 4105 1112 4156 milia
1129 4123 1243 4158 nwraero.
1260 4103 1314 4157 Sed
1329 4103 1438 4158 Srsenne

918 4167 1320 4292 stabilitabit?
1343 4171 1437 4226 ΜΖ

951 4353 1074 4394 evomens.
1106 4343 1169 4396 Post
1184 4343 1235 4399 lroc
1248 4343 1360 4398 verbum
1376 4343 1435 4397 edd.

918 4405 1020 4466 addunt
1035 4421 1060 4464 et
1076 4411 1257 4481 manipulme·
1274 4410 1436 4470 SndCaeser
