3060 5276
315 397 489 526 ussup.
526 397 619 458 car.
657 363 832 464 36-38.
911 526 914 543 ἡ
1069 369 1164 466 5ὶ3

38 593 185 676 flumen
211 595 314 674 edito
341 586 477 676 natura
501 599 588 674 ioco
612 605 740 675 castra
766 601 902 700 posuit.
927 565 1063 676 Paucis
1081 601 1169 674 die-

38 719 117 791 bus
142 715 403 815 interpositis,
429 723 546 793 noctu
572 715 722 792 insidias
739 711 909 816 equitum
928 717 1168 804 conlocavit,

40 859 126 932 quo
152 835 192 906 iii
218 833 303 916 loco
330 833 583 934 superioribus
608 833 684 909 fere
712 835 842 908 diebus
860 835 978 926 nostri
997 831 1168 933 pabulari

41 959 335 1056 consueverant.
385 953 465 1044 Et,
491 975 610 1052 quum
646 951 866 1051 quotidiana
896 943 1199 1026 consuetudins

39 1073 93 1163 Q.
120 1069 273 1160 Varus,
300 1068 517 1146 Praefectus
541 1069 712 1168 equitum
753 1067 935 1160 Domitii,
976 1069 1170 1160 venisset,

40 1189 174 1261 subito
199 1187 251 1261 itti
280 1211 327 1261 rx
351 1186 494 1261 insidiis
518 1193 855 1274 consurrexerunt3
883 1185 945 1260 sed
960 1189 1078 1260 nostri
1092 1185 1172 1259 for·
1266 1207 1274 1223 ·

40 1308 141 1378 titer
165 1327 298 1378 eorum
325 1303 506 1402 inpetum·
523 1304 692 1378 tuterunt
719 1301 963 1403 celeriterque
989 1301 1036 1378 ad
1067 1319 1169 1377 'suos

40 1421 204 1518 quisque
229 1418 379 1492 ordines
403 1408 517 1492 rediit
542 1427 656 1518 atque
683 1417 784 1492 uitro
813 1422 974 1493 universi
984 1415 1027 1493 'in
1041 1419 1171 1502 hostes

33 1536 216 1630 inpetum
240 1533 437 1623 iecerunt·
476 1533 534 1607 Ex
561 1535 618 1608 his
644 1536 795 1609 cirritos
821 1531 1016 1636 octoginta
1042 1536 1168 1608 inter-

36 1649 192 1742 fectis,
212 1649 364 1750 reliquis
391 1656 427 1722 in
456 1637 586 1752 fugam
612 1652 822 1744 coniectis,
847 1653 993 1745 nostri,
1019 1651 1170 1727 duobus

34 1761 217 1855 arnissis,
243 1766 282 1838 in
307 1771 433 1840 castra
460 1791 499 1871 se
524 1773 761 1864 receperunt.
1119 1855 1121 1860 ,

93 1875 162 1954 38.
185 1879 254 1952 tlis
266 1879 378 1954 rebus
392 1881 527 1980 gestis,
544 1881 750 1973 Domitius,
779 1905 929 1982 sperans
959 1880 1173 1980 Scipionem

33 1991 89 2066 ad
106 2017 270 2092 pugnam
289 1991 372 2064 elici
393 1997 525 2090 posse,
552 1995 773 2085 simulavit,
802 1997 882 2108 'sese
899 1997 1080 2094 angustiis
1115 1995 1170 2088 rei

33 2109 310 2193 frumentariae
337 2109 544 2202 adductum
563 2117 687 2184 castra
713 2135 888 2198 movere3
907 2115 1080 2210 vasisque
1102 2113 1174 2185 mi·

34 2225 146 2300 litari
170 2247 280 2310 ‚more
307 2223 571 2316 conclamatis,
606 2244 821 2327 progressus
858 2225 1176 2326 milia·passuum

34 2341 150 2428 tria,
176 2337 261 2413 loco
285 2338 422 2412 idoneo
449 2346 488 2412 et
506 2339 659 2414 occulto
677 2365 828 2415 omnem
839 2343 1047 2414 exercitum
1067 2341 1172 2439 equi-

33 2461 246 2551 tatumque
262 2452 497 2536 ‘contumuit
521 2447 680 2555 Scipio,
701 2454 748 2528 ad
796 2454 1029 2554 sequendum
1069 2478 1176 2553 para-

36 2578 142 2654 tus,
170 2569 382 2665 equitatum
408 2576 660 2670 magnamque
679 2575 824 2670 partem
851 2571 942 2644 levis
956 2575 1171 2642 armaturae
1272 2655 1273 2659 Ἴ

38 2683 96 2759 ad
124 2682 398 2784 explorandum
423 2686 496 2758 iter
521 2687 676 2759 Domitii
692 2693 731 2760 et
744 2675 1046 2786 cognoscendum
1064 2707 1175 2782 prae-

37 2801 164 2876 misit
189 2802 264 2894 Qui
291 2819 410 2898 quum
435 2809 558 2876 essent
585 2803 767 2903 progressi
785 2801 1001 2901 primaeque
1026 2807 1176 2906 turmae

37 2913 200 2995 insidias
225 2920 491 3009 intravissent,
514 2943 562 2992 ex
592 2917 744 2992 fremitu
763 2941 945 3016 equorum
972 2913 1089 2990 inlata
1116 2939 1177 2987 su·
1259 2913 1262 2923 '

42 3039 249 3138 spicione,
273 3035 321 3109 ad
346 3056 436 3110 suos
452 3059 491 3110 se
517 3035 684 3136 recipere
711 3041 935 3133 coeperunt:
955 3035 1094 3132 quique
1110 3034 1178 3108 tios'

44 3151 326 3248 sequebantur,
352 3149 512 3225 celerem
538 3175 668 3225 eorum
704 3157 900 3250 receptum
941 3145 1177 3248 conspicati,

43 3267 289 3342 restiterunt.
334 3267 494 3357 Nostri,
520 3259 681 3370 cognitis
707 3263 878 3354 insidiis,
904 3289 950 3338 ne
970 3263 1108 3336 frustra
1121 3286 1178 3333 re-

44 3368 177 3480 liquos
203 3371 485 3482 suspectarent,
512 3382 604 3458 duas
631 3375 922 3476 nactihostiprn
937 3385 1094 3468 ¹turmas
1108 3403 1179 3452 ex-

47 3505 267 3602 ceperunt;
297 3501 336 3576 in
366 3500 424 3574 his
450 3500 524 3576 fuit
551 3495 604 3574 M.
630 3501 803 3602 Opimius
845 3499 1062 3576 Praefectus
1080 3499 1182 3595 equi·

86 3809 240 3877 Etim·
251 3785 490 3862 lurinimvelitffv
500 3824 586 3875 quum·
653 3807 724 3881 quod
739 3789 850 3863 Vossius
861 3815 931 3862 recte
948 3809 1064 3862 mutavit
1080 3793 1109 3861 in
1125 3823 1181 3877 rog.
1309 3809 1322 3822 ”

90 3889 158 3940 levis
183 3900 343 3940 armannus.
389 3886 420 3938 tn
449 3885 509 3940 aliis
537 3884 586 3940 tras
654 3889 725 3942 tosti
739 3891 848 3944 uuidm
866 3889 936 3958 Ergo
953 3907 1007 3943 non
1024 3889 1117 3950 video,
1137 3906 1182 3940 cur

49 3986 137 4024 voces
153 3967 267 4032 desuut;
284 3969 314 4018 in
332 3965 433 4021 Loveu.
450 3975 492 4019 est
513 3983 588 4018 erer-
655 3967 719 4026 alii,
739 3967 827 4022 relicta
844 3968 933 4022 Vossii
953 3971 1106 4028 sentemia,
1134 3983 1182 4037 pro

50 4055 132 4104 eous.
158 4051 178 4100 i.
194 4065 218 4103 s.
235 4047 368 4122 peditum.
396 4045 462 4102 vid.
477 4054 535 4099 not.
553 4043 588 4100 ad
655 4045 765 4103 arbitrio
776 4045 886 4100 sethum
898 4045 1011 4099 tornum
1019 4045 1109 4118 paullo
1121 4053 1184 4116 post
1220 4077 1223 4082 -

54 4147 95 4196 7»
114 4131 158 4178 ⁸¹·
655 4130 814 4183 intruserint
852 4140 914 4201 post
946 4129 1058 4182 verbum
1093 4133 1183 4189 nacti,

90 4207 181 4260 inlata
204 4217 273 4278 sus'p·
293 4205 339 4266 Sic
358 4207 395 4264 G.
412 4223 450 4271 2,
474 4211 517 4261 25.
532 4203 590 4261 Alii
656 4209 732 4281 quasi
760 4228 776 4262 a
803 4207 920 4262 librariis
950 4209 1099 4260 traiectum.
1139 4203 1210 4258 M·‘

55 4296 175 4346 inwa-
656 4291 777 4361 Cognitis
795 4289 851 4345 seil.
870 4289 903 4344 ab
919 4289 996 4343 hoste
1013 4287 1128 4342 insidiis.
1153 4291 1186 4341 Τι’
1208 4359 1212 4366 .

91 4373 206 4442 ωμιὼ
234 4367 346 4422 assuto.
384 4371 485 4425 unna
513 4367 591 4450 codd.
657 4373 770 4426 nomon
793 4371 881 4428 sueno
907 4371 965 4442 loeo
988 4379 1132 4450 posueram
1151 4365 1185 4450 tt-

54 4449 185 4516 habent,
208 4453 314 4521 agrum
337 4451 449 4505 bostium
473 4455 592 4515 insidiis,
658 4451 750 4506 brarii.

168 4551 327 4630 CAESAR·
353 4554 552 4634 Commeat.
575 4555 685 4632 Tum·
711 4557 747 4654 Ι,
930 4553 963 4628 T
982 4559 998 4628 t
1017 4559 1036 4629 t
