3026 5264
368 397 447 458 trs.
481 397 509 458 1.
553 399 645 460 cnr.
689 366 858 460 15-18.
1060 363 1151 487 377

28 599 283 691 cohortatus,
322 607 511 675 tormenta
550 604 588 676 in
623 603 738 675 muris
765 601 927 700 disponit
954 608 1151 699 certasque

30 722 175 818 cuique
202 726 324 818 partes
351 721 399 792 ad
426 719 636 792 custodiam
664 719 764 792 urbis
791 720 993 792 adtribuit:
1029 721 1157 792 militi-

29 835 107 907 bus
136 839 175 908 in
202 837 381 909 concione
409 859 516 936 agros
543 859 589 908 ex
615 837 690 908 suis
717 837 1005 934 possessionibus
1045 836 1157 935 polli-

29 959 172 1038 cetur,
201 959 381 1062 quaterna
407 955 445 1026 in
472 955 635 1055 singulos
652 955 780 1057 iugera
800 961 839 1028 et
857 981 924 1056 pro
948 961 1029 1028 rata
1049 963 1157 1054 parte
1251 1009 1252 1012 ,

30 1071 330 1144 Centurionibus
357 1075 610 1170 evocatisque.

95 1183 153 1256 18.
180 1173 333 1256 interim
354 1187 499 1259 Caesari
521 1189 738 1277 nunciatur,
758 1187 1039 1277 Sulmonenses,
1056 1186 1156 1284 quod

32 1299 219 1396 oppidum
248 1325 269 1371 a
297 1301 459 1373 Corfinio
478 1305 545 1374 Vll
565 1301 710 1374 milium
730 1302 927 1376 intervallo
947 1302 1072 1390 abest,
1092 1323 1157 1373 cu·

31 1435 128 1510 pere
155 1437 197 1485 ea
225 1413 367 1504 facere,
394 1439 489 1513 quae
514 1417 647 1504 vellet;
674 1417 737 1490 sed
765 1444 786 1488 a
814 1425 858 1508 Q.
877 1417 1071 1503 Lucretio,
1088 1418 1157 1488 Se-

32 1533 192 1619 natore,
218 1535 259 1603 et
285 1532 391 1605 Attio
419 1532 571 1634 Peligno
598 1534 806 1632 prohiberi,
833 1535 895 1630 qui
923 1533 959 1604 id
979 1532 1156 1630 oppidum

33 1646 111 1716 Vll
139 1641 352 1720 cohortium
380 1651 560 1747 praesidio
587 1650 778 1722 tenebant.
809 1651 929 1722 Mittit
946 1673 990 1722 eo
1008 1651 1058 1722 M.
1077 1649 1157 1722 An-

34 1761 190 1831 tonium
217 1787 306 1834 cum
333 1763 486 1862 legionis
528 1771 688 1838 octavae
728 1764 946 1838 cohortibus
981 1767 1157 1860 quinque.

34 1873 325 1962 Sulmonenses,
367 1879 478 1951 simul
518 1886 633 1976 atque
668 1887 796 1952 nostra
823 1879 925 1978 signa
954 1879 1158 1966 viderunt,

36 1997 172 2088 portas
199 2001 443 2092 aperuerunt,
461 1997 699 2092 universique
719 2003 757 2068 et
775 1996 947 2093 oppidani
966 2001 1006 2068 et
1022 1994 1158 2068 milites

37 2109 194 2180 obviarn
222 2111 454 2210 gratulantes
481 2113 646 2184 Antonio
674 2111 864 2183 exierunt:
894 2112 1088 2184 Lucretius
1119 2113 1166 2184 et¹

37 2225 173 2298 Attius
200 2227 244 2300 de
271 2253 380 2300 muro
407 2251 446 2308 se
470 2227 697 2300 deiecerunt.
725 2231 869 2318 Attius,
887 2231 932 2300 ad
952 2232 1157 2304 Antonium

39 2339 226 2415 deductus
240 2397 252 2430 ,
279 2345 395 2441 petit,
421 2349 465 2415 ut
490 2341 536 2414 ad
562 2343 757 2416 Caesarem
787 2346 1011 2416 mitteretur.
1040 2345 1158 2414 Anto·

38 2453 127 2524 nius
153 2478 241 2526 cum
268 2457 486 2528 cohortibus
511 2463 551 2528 et
576 2455 683 2530 Attio
711 2458 841 2530 eodem
867 2459 947 2546 die,
973 2480 1047 2554 quo
1075 2482 1158 2554 pro·
1264 2513 1265 2518 ,
1311 2431 1314 2439 i

40 2567 166 2640 sectus
193 2575 300 2659 erat,
326 2572 559 2650 revertitur.¹
594 2573 729 2646 Caesar
769 2595 830 2644 eas
871 2571 1044 2644 cohortes
1070 2595 1158 2642 cum

41 2687 214 2758 exercitu
241 2711 309 2758 suo
334 2687 551 2777 coniunxit,
579 2689 802 2785 Attiumque
837 2686 1062 2758 incolumem
1100 2687 1158 2758 di-

43 2800 161 2870 misit.
187 2799 322 2873 Caesar
340 2801 461 2873 tribus
481 2803 607 2899 primis
627 2802 756 2874 diebus
774 2811 897 2876 castra
916 2802 1057 2898 magnis
1076 2825 1161 2899 ope·

41 2915 148 2987 ribus
173 2919 319 2990 munire
345 2923 384 2990 et
409 2941 456 2990 ex
482 2917 663 2994 finitumis
689 2921 900 3018 municipiis
931 2918 1161 2993 frumentum

46 3041 286 3132 comportare
312 3033 545 3131 reliquasque
577 3037 703 3132 cupias
739 3032 954 3134 exspdctare
988 3038 1162 3111 instituit.

42 3148 103 3218 Eo
128 3147 254 3220 triduo
280 3147 377 3246 legio
403 3151 491 3220 Vlll
517 3148 565 3220 ad
592 3174 678 3221 eum
706 3153 833 3238 venit,
849 3151 1095 3250 cohortesque
1115 3155 1163 3224 ert

45 3267 160 3337 novis
198 3265 339 3338 Galliae
375 3265 571 3338 dilectibus
607 3267 711 3338 XXII
751 3269 966 3362 equitesque
1001 3267 1048 3339 ab
1075 3293 1162 3368 rege

44 3379 186 3450 Norico
212 3379 364 3452 circiter
389 3379 491 3452 CCC.
518 3384 689 3471 Quorum
717 3379 883 3454 adventu
902 3381 1019 3454 altera
1039 3390 1164 3456 castra

45 3493 94 3563 ad
122 3491 277 3564 alteram
305 3491 429 3590 oppidi
457 3499 601 3592 partem
630 3496 749 3592 ponit.
775 3495 842 3566 His
869 3499 1001 3568 castris
1028 3497 1163 3569 Curio-

45 3632 133 3679 nem
161 3607 360 3706 praefecit:
387 3607 536 3704 reliquis
564 3608 692 3682 diebus
716 3610 892 3708 oppidum
913 3611 1012 3683 vallo
1033 3614 1164 3685 castel-

45 3720 165 3818 lisque
188 3721 460 3795 circumvenire
486 3723 662 3798 instituit.
705 3725 820 3800 Cuius
852 3725 972 3824 operis
999 3729 1165 3800 maxima

79 3977 222 4034 uenasque.
239 3961 355 4017 lurinius
367 3963 443 4020 malit
459 3965 516 4017 siue
531 3983 574 4018 co-
674 3967 807 4030 deducuts,
822 3953 893 4038 petit.
913 3970 1042 4024 Gruterus
1054 3971 1110 4024 vult
1121 3989 1165 4039 pe·

48 4032 124 4102 pula.
641 4039 696 4098 tiit,
708 4037 754 4088 sed
768 4037 804 4086 fre
826 4056 890 4088 nens
908 4048 999 4090 nostro
1019 4051 1164 4108 temporum

640 4105 793 4156 sarlatium
830 4123 967 4175 urumque.
990 4106 1021 4159 V.
1040 4106 1074 4158 G.
1094 4113 1122 4167 ὁ,
1140 4125 1163 4157 2.

123 4169 189 4216 ionis
215 4176 324 4216 octavae.
368 4165 424 4216 Aut
447 4163 503 4226 hic,
527 4173 574 4218 out

82 4253 98 4309 u
124 4252 153 4284 ο1
171 4239 225 4292 ost,
237 4230 382 4310 ubitridup
393 4241 453 4311 post
466 4229 574 4283 demum
674 4237 864 4284 circumenire.
876 4232 920 4311 Siq
936 4201 1013 4312 codd.
1036 4232 1098 4311 'Alii
1116 4237 1166 4312 cir-

48 4253 116 4369 l'dgro
162 4298 325 4376 lllnreursse
350 4297 461 4359 drcrtur,
483 4317 575 4350 numu·
642 4305 803 4378 mmmunire.
831 4299 1059 4378 Simrhs'varurho
1078 4300 1167 4352 lectio-

49 4365 174 4489 diabli!
186 4374 297 4416 vitiosus
309 4374 356 4471 est.
375 4365 417 4418 M.
435 4367 575 4418 Mouuerat
642 4385 686 4484 rpps
703 4367 793 4502 qpspq
804 4383 862 4438 cap.
883 4372 923 4420 81.
943 4375 1059 4437 itemque
1077 4384 1106 4434 a,
1127 4369 1165 4419 ιθ.

152 4531 312 4606 CAESAR.
336 4531 532 4606 Commeat.
558 4529 666 4615 Tum.
692 4534 723 4606 1.
898 4533 930 4605 B
947 4531 971 4603 h
989 4529 1014 4602 b
