3026 5264
646 413 652 432 ⁸
746 431 802 490 m:
839 429 972 490 nauso
1006 433 1131 494 saun.

382 642 508 726 neret,
526 635 703 710 frumenti
719 638 903 710 rationem
918 660 995 710 esse
1009 635 1238 710 habendam:
1257 638 1453 710 constituunt

386 754 555 830 omnium
582 777 784 842 consensu,
810 759 915 852 parte
949 754 999 826 ibi
1025 751 1155 826 relicta
1181 755 1380 852 copiarum,
1405 753 1453 850 ipsi

383 895 473 944 curn
499 869 678 968 expeditis
698 869 744 942 ad
763 869 1028 968 inportandum
1047 871 1274 968 frumentum
1293 871 1453 970 proticisci.

382 982 438 1054 Eo
466 983 620 1056 consilio
648 983 824 1082 probata,
842 987 1010 1082 proxima
1031 993 1163 1074 nocte,
1183 987 1325 1058 duobus
1341 985 1455 1056 milibus

382 1103 617 1170 armatorum
644 1097 801 1187 relictis,
827 1098 988 1196 reliquos
1014 1124 1061 1172 ex
1087 1099 1224 1198 oppido
1250 1101 1400 1198 Drappes
1429 1107 1455 1168 et

381 1207 579 1284 Lucterius
607 1212 793 1286 educunt:
821 1213 868 1302 ii,
894 1238 1032 1312 paucos
1058 1213 1135 1285 dies
1161 1215 1318 1300 morati,
1341 1233 1381 1282 ex
1402 1209 1456 1280 liui-

380 1327 452 1400 bus
478 1329 756 1418 Cadurcorum,
784 1330 845 1428 qui
873 1332 1010 1428 partim
1037 1354 1077 1400 re
1103 1328 1342 1402 frumentaria
1365 1323 1457 1398 sulle-

380 1467 471 1518 vare
497 1469 559 1518 eos
585 1447 806 1544 cupiebant,
835 1447 970 1544 partim
1000 1447 1215 1544 prohibere,
1255 1471 1326 1543 quo
1366 1447 1457 1518 minus

367 1556 592 1651 ‘'sumes-ent,
633 1589 706 1636 non
742 1558 936 1664 poterant,
970 1588 1148 1662 magnum
1186 1587 1375 1638 numerum
1407 1561 1459 1634 lru·

381 1683 499 1754 menti
526 1690 767 1780 comparant:
796 1705 1075 1777 nonnumquam
1104 1687 1232 1754 autem
1252 1679 1458 1781 expeditioni·

383 1795 454 1866 hus
482 1798 673 1868 nocturnis
701 1794 851 1868 castolla
878 1802 1093 1868 nostrorum
1111 1793 1342 1868 adoriuntur.
1366 1796 1459 1885 Quam

385 1911 434 1982 ob
461 1937 629 1994 caussam
656 1914 697 1986 C.
723 1911 899 1986 Caninius
925 1916 1008 1986 toto
1026 1909 1161 2009 oppido
1179 1911 1459 1986 munitionescia

382 2027 558 2100 cumdare
586 2035 782 2114 cantatur,
808 2051 855 2098 ne
882 2033 949 2098 aut
974 2049 1067 2122 opus
1093 2023 1271 2100 effectum
1296 2024 1386 2100 tueri
1408 2045 1458 2094 non

288 2145 291 2150 '
380 2143 516 2236 possit,
543 2146 610 2212 aut
636 2143 803 2242 plurimis
828 2138 919 2212 locis
945 2139 1093 2213 infirma
1111 2137 1285 2238 disponat
1302 2135 1459 2238 praesidia.

433 2256 493 2330 35.
520 2257 655 2354 Magoa
682 2259 789 2354 copia
816 2257 994 2330 frumenti
1021 2264 1265 2357 comparata,
1294 2257 1458 2332 considunt

380 2375 547 2472 Drappes
573 2382 612 2450 et
636 2375 832 2447 Lucterius
858 2398 932 2444 nou
958 2372 1103 2472 longius
1141 2373 1187 2446 ab
1217 2375 1353 2474 oppido
1371 2369 1458 2448 llmi·

380 2485 498 2577 libns,
524 2491 622 2560 unde
651 2489 842 2587 paullatim
870 2488 1101 2576 frumarium
1126 2491 1164 2561 in
1190 2491 1368 2588 oppidum
1396 2487 1481 2558 snb·¹

377 2611 584 2702 portarent.
612 2609 683 2702 lpsi
710 2607 806 2682 inter
832 2629 869 2680 se
896 2607 1106 2703 provincias
1122 2607 1356 2704 partiuntur:
1375 2607 1461 2699 Drap

377 2745 442 2816 pes
470 2722 600 2790 castris
627 2723 808 2815 praesidio
848 2745 935 2792 cum
976 2729 1080 2824 parte
1107 2722 1302 2818 cupiarum
1329 2721 1461 2799 restitil;

377 2833 574 2904 Lucterius
602 2859 736 2931 agmen
762 2838 1015 2908 iumentorum
1043 2834 1090 2911 ad
1116 2837 1297 2934 oppidum
1328 2835 1461 2908 adducit

377 2950 574 3045 Dispositis
602 2951 650 3022 ibi
679 2953 891 3049 praesidiis,
914 2952 1007 3024 liora
1032 2952 1152 3025 noctis
1179 2953 1332 3030 circiter
1357 2946 1463 3041 X,sil·

377 3065 564 3148 restribus
586 3071 824 3164 angustisque
844 3068 1036 3154 itineribus
1053 3067 1282 3143 trumentum
1304 3051 1480 3165 inportare}

376 3179 416 3252 in
442 3180 621 3277 oppidum
648 3185 822 3254 instituit.
848 3183 1019 3272 Quorum
1048 3184 1246 3280 strepitum
1272 3183 1398 3298 vigiles
1424 3203 1463 3250 ca·

377 3299 540 3366 strorum
559 3319 674 3396 qrrom
689 3299 904 3384 sensissent,
923 3296 1248 3393 exploratoresque
1264 3300 1381 3384 missi,
1394 3315 1463 3392 quae

377 3418 596 3507 agerentur,
622 3414 900 3484 renunciassent
916 3464 926 3500 ,
942 3413 1118 3486 Caninius
1136 3414 1308 3488 celeriter
1327 3439 1409 3490 cum
1423 3435 1463 3482 co

376 3523 548 3598 hortibus
576 3529 729 3598 armatis
755 3550 802 3598 ex
829 3529 1006 3624 proximis
1032 3527 1193 3602 castellis
1218 3532 1256 3602 in
1282 3532 1464 3610 frumenta·

375 3639 450 3710 rios
476 3640 544 3723 sub
570 3641 687 3737 ipsam
715 3639 837 3721 lucem
864 3642 1033 3738 inpetum
1059 3644 1161 3716 lecit.
1214 3645 1263 3729 li,
1292 3643 1463 3745 repentino

373 3751 475 3842 piato
501 3755 715 3868 perterriti,
741 3753 941 3866 diffugiunt
979 3756 1028 3830 ad
1061 3781 1129 3832 sua
1156 3759 1355 3858 praesidia:
1393 3774 1465 3854 quae

405 4077 440 4109 err
448 4057 502 4129 fin.
516 4059 581 4114 Cnd.
599 4059 654 4114 Alii
665 4065 700 4113 in.
715 4061 814 4119 omissa
824 4079 897 4132 prse-
963 4075 1019 4128 tar,
1037 4084 1115 4138 qrram
1132 4069 1160 4120 in
1177 4081 1321 4132 diameter,
1340 4091 1382 4124 seu
1397 4077 1463 4120 murn-

348 4170 349 4174 ,
371 4123 479 4184 cedente
496 4140 632 4181 criminata.
963 4145 1017 4194 tur,
1036 4137 1131 4188 mutari
1149 4135 1253 4194 debuit,
1273 4148 1304 4190 ut
1320 4148 1391 4190 acute
1414 4131 1464 4184 vidit

404 4206 533 4252 cantatur,
552 4195 627 4260 volgo
643 4207 769 4248 moratur.
783 4195 824 4248 Cl'.
837 4215 894 4266 cap.
962 4199 1032 4256 Oud.
1050 4203 1092 4253 M.
1111 4211 1137 4254 et
1154 4203 1182 4254 ln
1200 4205 1263 4256 edil.
1284 4207 1418 4276 posteriore
1436 4217 1464 4249 rs·

371 4257 412 4320 37,
423 4261 567 4324 prohibitus
584 4277 621 4314 cst
639 4267 745 4328 tirnorc,
757 4269 896 4316 nrurulr'ouc
962 4270 1040 4336 cepit
1065 4288 1167 4340 sequor.
1186 4279 1219 4330 Τὸ
1235 4285 1351 4336 moratur
1373 4269 1463 4324 ‹leleru

370 4330 525 4378 circumdes
539 4353 545 4375 ι
561 4331 689 4380 suidones.
703 4330 768 4400 Ergo
779 4344 894 4390 corrasor,
962 4333 1068 4402 glossae.

370 4394 443 4470 puorl
456 4395 532 4446 codd.
551 4398 660 4450 liabent.
675 4409 741 4450 recte
756 4409 896 4452 mutarunt
996 4403 1023 4454 X
1031 4405 1137 4454 milibus.
1154 4403 1238 4470 Vulgo
1248 4405 1347 4460 addunt
1352 4416 1465 4476 parallelo

369 4470 543 4531 sptcrpretesj
555 4463 601 4516 sed
619 4483 671 4518 nou
692 4474 745 4518 tarn
763 4467 791 4518 iu
807 4485 895 4535 irrora·
962 4469 1051 4528 inritis
1069 4471 1143 4526 codd.
1163 4482 1190 4527 sl
1206 4471 1265 4528 edd.
1287 4483 1349 4530 rell.
