3060 5276
319 375 414 496 504
679 407 736 470 ns
771 409 906 472 senso
926 407 1068 473 crvnn

367 629 430 706 28.
454 619 614 703 Nostrae
639 609 754 703 naves
780 627 901 718 duae,
926 627 1071 704 tardius
1097 653 1210 706 cursu
1240 631 1443 724 coniecto,

315 745 355 822 in
380 752 532 820 noctem
558 742 780 835 coniectae,
813 755 931 843 quum
957 747 1200 846 ignorarent,
1239 769 1353 843 quem
1383 747 1442 820 lo·

316 877 405 934 curn
444 857 609 957 reliquae
633 859 849 958 cepissent,
894 865 1028 934 contra
1053 861 1200 934 Lissum
1225 863 1264 934 in
1292 863 1443 936 ancoris

316 975 581 1048 constiterunt.
651 975 762 1065 Has,
804 975 950 1074 scaphis
976 975 1257 1074 minoribusque
1283 979 1445 1078 navigiis

315 1090 571 1192 compluribus
597 1089 809 1181 submissis,
834 1091 1020 1166 Otacilius
1046 1093 1223 1182 Crassus,
1251 1093 1316 1189 qui
1349 1095 1444 1169 Lissi

315 1210 525 1306 praeerat,
556 1227 769 1306 expugnare
805 1207 990 1306 parabat:
1025 1205 1135 1281 simul
1169 1207 1215 1280 de
1251 1207 1445 1282 deditione

316 1337 450 1394 eorum
475 1319 612 1422 agebat
637 1327 677 1394 et
701 1315 1002 1396 incolumitatem
1029 1322 1161 1398 deditis
1180 1319 1447 1422 pollicebatur.

317 1437 465 1514 Harum
491 1437 611 1512 altera
636 1439 742 1513 novis
775 1435 961 1513 ducentos
985 1439 1119 1538 viginti
1147 1461 1195 1512 ex
1220 1437 1371 1539 legione
1396 1443 1449 1512 ti·

315 1573 455 1626 ronum
480 1551 708 1628 sustulerat:
744 1552 861 1629 ultera
887 1573 934 1628 ex
959 1562 1137 1629 veterane
1164 1552 1289 1653 paullo
1318 1555 1448 1626 minus

316 1664 500 1740 ducentis.
525 1667 597 1740 llic
623 1671 799 1771 cognosci
827 1668 961 1754 licuit,
989 1675 1172 1768 quantum
1199 1675 1297 1742 esset
1324 1669 1448 1741 homi·

317 1783 427 1857 nibus
453 1783 624 1882 praesidii
650 1787 688 1858 in
715 1787 831 1859 anirni
859 1785 1100 1860 firmitudine.
1131 1787 1287 1860 Tirones
1316 1787 1446 1878 enim,

317 1896 560 1971 multitudine
603 1900 756 1972 navium
801 1901 988 2000 perterriti
1031 1905 1071 1976 et
1112 1897 1188 1974 salo
1228 1924 1447 1999 nauseaque

319 2005 507 2104 coniecti,
549 2015 788 2092 iureiurando
822 2023 1006 2118 accepto,
1050 2017 1141 2092 nihil
1171 2019 1216 2091 iis
1246 2019 1446 2090 nocituros

318 2129 475 2223 hostes,
514 2149 553 2205 se
590 2119 756 2207 Otacilio
795 2131 1018 2209 dediderunt
1037 2123 1067 2206 ε’
1091 2135 1154 2234 qui
1193 2157 1350 2218 omnes,
1401 2133 1448 2209 ad

319 2263 406 2320 eum
428 2245 600 2348 producti
614 2301 634 2354 ,ν
653 2253 786 2322 contra
804 2247 1020 2349 religionem
1038 2247 1274 2322 iurisiurandi
1301 2249 1343 2320 in
1366 2249 1446 2321 eius

320 2363 805 2470 conspectucrudellssime
830 2365 1119 2442 interficiuntur.
1163 2365 1214 2440 At
1241 2371 1445 2439 veteranae

318 2479 475 2584 legionis
509 2483 677 2576 milltes,
706 2483 800 2560 item
833 2483 1038 2560 conflictati
1073 2491 1112 2560 et
1137 2485 1377 2584 tempestatis
1408 2491 1446 2558 et

320 2599 488 2672 sentinae
517 2597 646 2690 vitiis,
672 2622 792 2698 neque
819 2625 865 2674 ex
893 2599 1048 2700 pristina
1076 2597 1217 2672 virtute
1244 2599 1449 2672 remitten-

322 2715 413 2787 dum
441 2713 579 2812 aliquid
605 2721 865 2814 putaverunt3
905 2717 994 2808 sed,
1018 2717 1227 2792 tractandis
1252 2717 1449 2791 conditio·

320 2829 430 2902 nibus
449 2833 489 2902 et
509 2829 747 2904 simulatione
765 2827 965 2906 deditionis
981 2839 1153 2907 extracto
1172 2831 1293 2931 primo
1320 2834 1448 2906 noctis

320 2951 518 3043 tempore,
556 2947 847 3047 gubernatorem
880 2947 920 3022 in
953 2954 1094 3024 terram
1133 2971 1268 3022 navem
1309 2949 1449 3022 eiicere

323 3069 484 3163 cogunt;
510 3064 600 3163 ipsi,
627 3063 801 3140 idoneum
819 3063 948 3140 locum
967 3067 1093 3154 nacti,
1119 3063 1299 3164 reliquam
1320 3067 1448 3140 noctis

322 3183 469 3282 partem
508 3177 561 3256 ibi
601 3181 846 3259 confecerunt
888 3190 926 3259 et
951 3181 1035 3258 luce
1062 3183 1209 3283 prima,
1248 3185 1369 3256 missis
1398 3181 1450 3256 ad
1517 3197 1520 3220 ¹

324 3319 387 3373 eos
419 3293 467 3374 sb
507 3293 672 3374 Otacilio
705 3295 920 3402 equitibus,
970 3299 1035 3400 qui
1066 3325 1150 3374 eam
1175 3305 1322 3401 partem
1354 3302 1464 3375 orae⁵

355 3637 547 3709 masam
562 3639 851 3710 ἀκακία-ΜΒΝ
950 3649 1020 3697 isaim
1043 3641 1089 3698 Sic
1109 3653 1137 3698 et
1158 3643 1193 3699 G.
1218 3659 1254 3712 s,
1276 3639 1317 3695 36.
1336 3652 1365 3696 et
1381 3663 1446 3700 nos

326 3705 407 3761 rerba
423 3709 453 3760 in
470 3707 530 3761 edd.
547 3706 672 3771 additor,
695 3724 723 3762 re
735 3711 849 3782 simple·
916 3727 975 3783 esp.
993 3711 1034 3762 3¹.
1052 3711 1176 3766 Heinsius
1191 3709 1308 3764 malebat
1323 3714 1424 3764 indm.

324 3787 416 3838 mut,
444 3777 537 3830 inritis
564 3773 706 3832 codicibus.
734 3779 773 3830 Μ.
805 3777 851 3834 Sic
951 3785 1066 3832 eandm
1081 3783 1158 3830 vitiu.
1192 3777 1248 3833 flos
1269 3781 1378 3850 proprie
1400 3781 1444 3832 di-

324 3841 360 3896 ὓ.
380 3859 414 3903 ι,
445 3847 485 3894 rt.
573 3843 622 3896 tus
639 3847 724 3913 quinis
740 3845 849 3898 milibus.
916 3856 1011 3914 otum
1035 3845 1069 3900 de
1097 3857 1245 3916 temperate
1269 3848 1359 3900 minus
1405 3867 1446 3900 ro-

324 3911 366 3964 Ci.
383 3911 412 3964 st
427 3915 462 3992 β,
487 3861 576 3990 ΝΤΞ
595 3921 607 3962 t
624 3947 634 3972 ,
653 3916 685 3966 82
703 3921 753 3966 etc·
774 3911 850 3966 nllus
917 3917 983 3986 prie.
1001 3911 1107 3968 Similis
1125 3914 1195 3986 apud
1211 3913 1347 3996 liepotem
1409 3915 1417 3928 ⁶

324 3987 482 4033 muros
501 3975 625 4042 obtinet.
649 3986 680 4031 st
700 3979 734 4034 G.
752 3983 768 4032 t
777 4017 786 4044 ,
809 3980 849 4034 td.
917 3985 942 4035 d.
956 3980 1021 4040 Nos
1037 3977 1121 4034 „um
1132 3997 1200 4051 pon
1216 3997 1244 4034 or
1260 3997 1291 4032 ee
1304 3979 1447 4042 habebam

325 4043 362 4108 b,
382 4051 411 4100 st
431 4055 479 4100 ett-
917 4051 962 4104 red
973 4053 1050 4104 eliam
1067 4053 1191 4103 timoren.
1210 4060 1236 4100 st
1252 4047 1324 4120 opud
1337 4047 1447 4102 Flonun

358 4113 412 4168 Hit
430 4109 577 4184 (leptis,
594 4113 645 4168 etsi
660 4113 751 4168 nullos
768 4113 850 4169 cosle!
918 4117 954 4185 ³,
971 4131 1012 4169 ss.
1028 4117 1123 4180 omlis,
1143 4117 1259 4170 mss·
1279 4117 1449 4186 mettoeoque

324 4177 423 4247 babet)
446 4187 563 4253 wgsrorai
585 4208 627 4234 a.
657 4181 700 4234 Μ.
725 4181 795 4238 Beue
813 4185 851 4237 sio
918 4184 1038 4258 dejiarris.

324 4244 401 4318 Volgo
417 4259 561 4322 mptum
579 4251 692 4322 Sequor.
950 4269 1032 4324 naqroe
1054 4271 1089 4306 ee
1106 4255 1186 4372 guin.
1210 4249 1296 4322 Vulgo
1319 4267 1373 4302 non
1397 4271 1447 4322 pro

353 4338 357 4347 ¹
425 4333 484 4350 ··
593 4331 600 4346 ·
683 4335 688 4348 ·
805 4333 849 4392 cs,
917 4321 1069 4392 mquaM.
1131 4315 1447 4390 ocbsbentcodd.pro

917 4407 950 4443 ns
1068 4425 1074 4440 .

485 4349 602 4386 nur

952 4407 1016 4542 eid,
1032 4473 1175 4531 &onmis
1185 4469 1257 4527 aaa
1275 4469 1336 4544 Leg-
1353 4479 1380 4522 et
1393 4485 1446 4540 pro
