3000 5268
332 363 421 464 166
688 401 744 461 nn
779 401 913 462 nnnno
947 401 1069 462 cren.

322 609 502 690 sentiant,
529 629 573 677 oc
595 603 768 704 protem
794 617 918 677 contro
943 607 982 678 in
1008 601 1225 677 dissensione
1246 602 1387 676 nullom
1404 627 1444 676 se

321 728 471 798 salntem
494 729 705 822 perspicere.
758 723 831 794 Res
859 720 1108 819 disputatione
1128 721 1174 794 ad
1192 719 1357 794 meditus
1378 749 1443 795 no-

321 851 423 917 ctem
450 841 676 940 perducitur.
728 837 900 912 Tandem
927 835 992 909 dat
1018 835 1129 910 Cotta
1149 845 1341 936 permotus
1362 867 1442 914 ma-

321 981 410 1043 nus;
438 962 590 1054 superat
616 955 800 1028 sententia
826 953 965 1025 Sabini.
991 951 1286 1070 pronunciatur,
1315 956 1441 1052 prima

319 1069 403 1144 luce
431 1073 567 1143 ituros:
596 1069 832 1143 consumitur
859 1065 993 1166 vigiliis
1018 1065 1160 1162 reliqua
1188 1091 1271 1164 pars
1300 1071 1444 1160 noctis,

320 1209 439 1282 quum
466 1209 532 1256 sua
558 1187 713 1283 quisque
733 1183 836 1256 miles
855 1181 1177 1282 circumspiceret,
1198 1179 1285 1276 quid
1305 1201 1439 1255 secum

317 1309 468 1402 portare
495 1309 643 1402 posset,
672 1301 761 1402 quid
785 1323 830 1372 ex
848 1301 1099 1372 instrumento
1119 1297 1362 1371 hibernorum
1383 1325 1441 1374 re-

318 1418 487 1519 linquere
514 1425 724 1518 cogeretur.
764 1419 901 1490 Omnia
928 1417 1210 1518 excogitantur,
1229 1441 1346 1516 quare
1366 1445 1437 1495 nec

317 1535 394 1607 sine
422 1534 585 1632 periculo
611 1539 808 1606 maneatur
834 1539 873 1605 et
898 1529 1078 1631 languore
1104 1531 1266 1604 militum
1307 1539 1347 1607 et
1379 1537 1438 1607 vi-

316 1647 412 1746 giliis
438 1647 644 1748 periculum
671 1655 864 1749 augeatur.
890 1647 1015 1720 Prima
1040 1645 1123 1720 luce
1151 1647 1203 1720 sic
1225 1671 1270 1720 ex
1300 1653 1437 1725 eastris

316 1763 624 1862 proficiscuntur,
650 1771 693 1838 ut
719 1764 855 1860 quibus
882 1769 977 1836 esset
1004 1787 1251 1860 persuasum,
1278 1792 1353 1838 non
1384 1769 1433 1841 ab

315 1877 446 1968 heiste,
473 1879 536 1951 sed
563 1879 608 1950 ab
636 1879 786 1951 homine
813 1877 1036 1950 amicissimo
1063 1877 1277 1978 Ambiorige
1304 1883 1434 1954 consi-

314 1989 407 2062 lium
434 1993 592 2084 datum,
615 1990 830 2096 longissimo
861 1993 1008 2092 agmine
1043 1993 1287 2100 maximisque
1322 1995 1434 2096 inpe-

315 2103 503 2182 dimentis.

325 2263 328 2272 ·
366 2222 426 2295 32.
453 2223 505 2296 Ae
531 2223 685 2312 hostes,
709 2229 952 2323 posteaquam
979 2245 1026 2295 ex
1053 2229 1238 2296 nocturno
1272 2221 1433 2298 fremitu

314 2339 522 2439 vigiliisque
549 2342 594 2414 de
621 2342 849 2441 profectione
884 2363 1015 2413 eorum
1055 2349 1277 2432 senserunt,
1304 2343 1435 2417 conlo-

315 2459 408 2528 catis
435 2457 573 2532 insidiis
599 2459 777 2556 bipartito
803 2458 840 2528 in
867 2453 969 2529 silvis
996 2455 1208 2554 ob'portuno
1232 2463 1344 2556 atque
1367 2485 1434 2532 uc-

315 2571 419 2643 cuito
447 2571 554 2660 ioco,
583 2597 604 2644 a
630 2571 777 2646 milibus
804 2597 980 2670 passuum
998 2572 1147 2646 circiter
1165 2571 1329 2662 duobus,
1347 2575 1435 2646 Ro-

313 2712 511 2761 manorum
530 2689 735 2764 adventum
754 2691 1039 2790 exspectabant:
1053 2699 1109 2774 et,
1123 2717 1241 2790 quum
1254 2719 1291 2767 se
1307 2697 1436 2768 maior

313 2829 398 2901 pars
426 2807 582 2902 agminis
608 2809 646 2879 in
675 2833 849 2908 magnam
876 2807 1086 2882 convallem
1121 2810 1352 2902 demisisset,
1381 2839 1434 2893 ex

314 2923 473 3015 utraque
499 2925 604 3018 parte
631 2922 709 2994 eius
738 2921 843 2996 vallis
870 2925 994 2997 subito
1021 2949 1059 2997 se
1079 2927 1343 3018 ostenderunt,
1363 2955 1434 3000 no-

312 3033 556 3140 vissimosque
582 3059 750 3135 premere
784 3045 823 3112 et
856 3041 995 3136 primos
1023 3035 1218 3134 probibere
1245 3041 1433 3140 adscensu

312 3151 425 3244 atque
451 3149 682 3248 iniquissimo
709 3155 845 3227 nostris
871 3153 955 3228 loeo
982 3151 1166 3254 proelium
1189 3159 1431 3232 committere

312 3275 529 3362 coeperunt.

361 3381 422 3454 33.
449 3383 549 3457 Tum
576 3381 727 3456 demum
755 3385 940 3476 Titurius,
966 3387 1100 3486 utqui
1127 3387 1217 3461 nihil
1236 3395 1322 3463 ante
1340 3415 1431 3490 pro-

310 3493 483 3586 vidisset,
510 3497 715 3598 trepidare,
742 3525 991 3596 concursare,
1026 3505 1273 3607 cohortesque
1300 3505 1430 3606 dispo-

345 3729 440 3788 Onrnr'a
451 3737 642 3805 excogitantur,
660 3737 774 3807 quitibet
786 3741 836 3792 mi·
902 3741 998 3823 bisque
1015 3745 1043 3796 in
1061 3743 1211 3814 languorem
1232 3750 1326 3802 coniici
1348 3767 1427 3820 posse

309 3793 408 3877 litum,
431 3809 460 3850 ut
484 3799 514 3853 fit
532 3803 559 3852 in
577 3803 697 3856 dissensu
727 3815 753 3857 et
781 3825 836 3876 per·
902 3811 1011 3871 milites,
1027 3821 1054 3864 et
1070 3812 1121 3866 hoe
1137 3813 1258 3884 languore
1277 3817 1425 3887 perieulum

310 3864 477 3942 turbatione,
495 3871 625 3939 excogitat
650 3881 677 3923 et
700 3875 836 3926 commini-
901 3897 933 3929 eu
951 3881 996 3930 eri.
1014 3881 1051 3929 Μ.
1080 3880 1150 3934 Male
1167 3881 1239 3936 hune
1261 3881 1347 3938 lovem
1369 3886 1425 3940 red·

308 3941 390 3983 scitur
407 3937 536 4003 speciosas
563 3956 682 4000 caussas,
711 3959 759 3990 cur
777 3941 834 3994 boc
901 3897 972 3996 didit
988 3946 1110 4000 Graecus.

308 4008 356 4049 aut
373 3997 426 4050 aliu
443 4003 522 4079 modo
551 4014 622 4073 egat,
648 4006 832 4079 agendumque
932 4019 1052 4066 maximis
1069 4015 1254 4086 (permultis)
1270 4022 1423 4088 itqueriimen·

308 4073 393 4132 putet.
420 4068 497 4121 Abus
520 4089 578 4140 ergo
602 4081 680 4142 putet
709 4075 832 4128 testinan-
898 4083 939 4141 tis.
965 4081 1008 4132 M.
1493 4075 1495 4108 ⁴

307 4133 372 4204 dum
391 4137 534 4196 conciter,
562 4145 589 4190 et
614 4149 698 4197 totam
726 4153 831 4194 noctem
931 4148 1417 4220 otpertunnatqueooarttolooo.codd

307 4199 507 4268 adparandum3
525 4221 603 4267 nam,
632 4209 655 4260 si
676 4217 832 4262 currctentur
898 4215 1005 4284 quidum
1023 4217 1077 4286 etp.
1095 4220 1202 4270 consitio
1218 4239 1245 4270 n.
1258 4237 1282 4272 ο.
1295 4221 1357 4272 toro.
1374 4223 1417 4274 Sic

307 4275 333 4316 et
351 4278 489 4344 manserat,
507 4289 561 4322 non
579 4278 636 4326 sine
650 4274 764 4343 periculo
778 4297 830 4330 mn·
897 4291 924 4333 et
941 4283 1001 4336 edd.
1024 4284 1100 4336 Rom.
1126 4285 1197 4338 Med.
1215 4288 1280 4340 Vsu.
1300 4290 1415 4359 egregie3

307 4349 375 4392 ueri:
392 4333 462 4410 ebus
486 4345 574 4391 contra
605 4351 681 4410 negat
706 4344 831 4396 testinan-
897 4349 942 4402 sed
960 4351 1007 4402 Gr.
1024 4369 1083 4401 eum
1100 4353 1205 4418 vulgato
1227 4351 1366 4408 consentit
1396 4393 1400 4404 .

306 4397 373 4452 dnm
389 4409 454 4470 rter3
472 4421 535 4458 uum
551 4405 679 4478 adparatu
695 4411 752 4463 ene
767 4413 829 4481 rigi·
927 4422 1086 4477 nron'ur'sser.
1105 4421 1161 4474 Alii
1174 4424 1350 4491 praevidisset.
