3028 5258
352 371 445 468 550
715 387 774 464 os'
805 395 941 460 asum
975 395 1104 459 crvrm

338 609 426 698 nit,
452 580 553 706 quod
580 603 638 680 est
663 603 856 706 oppidum
878 605 1043 706 primum
1070 597 1282 676 Thessaliae
1317 597 1478 674 venien·

344 726 447 800 tibus
473 723 520 796 ab
547 723 686 822 Epiro,
711 741 806 821 quae
832 745 922 822 gens
949 721 1078 822 paucis
1104 725 1192 794 ante
1209 719 1408 792 mensibus
1428 717 1478 791 ul·

343 849 409 918 tro
438 840 484 914 ad
510 841 705 914 Caesarem
735 838 875 941 legatos
899 839 1084 928 miserat,
1117 845 1160 912 ut
1189 837 1264 910 suis
1293 835 1478 908 omnibus

344 948 591 1036 facultatibus
617 962 806 1039 merebar,
833 953 1133 1056 praesidiumque
1161 951 1208 1025 ah
1234 975 1280 1026 eo
1304 951 1476 1025 militum

345 1075 520 1176 petierat.
548 1071 619 1146 Sed
647 1096 691 1146 eo
718 1072 819 1146 fama
844 1071 919 1144 iarn
947 1071 1229 1169 praecurrerat,
1264 1090 1388 1164 quam
1415 1091 1476 1138 su·

343 1211 413 1288 pra
439 1185 655 1274 docuimus,
681 1183 726 1258 de
753 1183 893 1285 proelio
915 1183 1196 1280 Dyrrhachino,
1216 1179 1321 1278 quod
1341 1180 1476 1252 multis

345 1311 503 1378 auxerat
519 1301 699 1404 partibus.
717 1303 848 1400 ltaque
863 1299 1165 1388 Androsthenes,
1180 1299 1341 1372 Praetor
1355 1299 1476 1370 Thes·

345 1421 485 1511 saliae,
522 1443 639 1520 quum
678 1441 717 1494 se
751 1419 934 1491 victoriae
970 1416 1138 1516 Pompeii
1173 1415 1358 1488 comitem
1392 1439 1473 1488 esse

343 1534 500 1624 mallet,
538 1557 651 1634 quarn
685 1533 830 1608 socium
856 1532 1024 1607 Caesaris
1050 1532 1089 1604 in
1114 1530 1226 1604 rebus
1265 1527 1472 1620 adversis,

344 1671 498 1722 ornnem
523 1670 571 1722 ex
596 1650 694 1749 agris
720 1646 1000 1724 multitudinem
1027 1669 1225 1720 servorum
1253 1669 1299 1716 ac
1325 1643 1471 1718 libero·

344 1785 431 1838 rum
457 1761 496 1834 in
523 1762 701 1860 oppidum
726 1764 830 1865 cogit
869 1767 1073 1863 portasque
1113 1757 1326 1860 praecludit
1353 1765 1396 1832 et
1423 1757 1469 1833 ad
1502 1767 1505 1780 '

344 1875 559 1974 Scipionem
577 1877 872 1977 Pompeiumque
888 1879 1049 1954 nuncios
1068 1875 1209 1964 mittit,
1228 1878 1273 1946 ut
1291 1873 1364 1945 sibi
1382 1873 1467 1946 sub·

339 1991 437 2069 sidio
463 1993 637 2082 veniant,
662 2015 700 2066 ae
727 1992 912 2070 confidere
939 1991 1209 2067 munitionibus
1245 1989 1403 2090 oppidi,
1435 1993 1466 2064 si

188 2201 195 2210 .
342 2103 513 2184 celeriter
551 2112 819 2186 succurratur:
860 2107 1102 2210 longinquam
1142 2103 1463 2204 obpugnationem

339 2223 523 2298 sustinere
549 2245 625 2302 uon
650 2248 769 2326 posse.
795 2224 941 2324 Scipio,
967 2223 1130 2298 discessu
1155 2220 1396 2294 exercituum
1414 2219 1461 2292 ab

341 2335 579 2432 Dyrrhachio
604 2340 777 2437 cognito,
804 2339 991 2414 Larissam
1023 2335 1186 2437 legiones
1221 2332 1460 2408 adduxerat:

339 2453 539 2552 Pompeius
565 2455 732 2528 nondum
757 2453 968 2530 Thessaliae
995 2451 1336 2554 adpropinquabat.
1371 2451 1462 2524 Cae·

341 2593 420 2660 sar,
448 2570 579 2644 castris
605 2572 780 2662 munitis,
806 2570 922 2646 scalas
949 2569 1213 2668 musculosque
1247 2570 1295 2644 ad
1331 2594 1464 2670 repen-

339 2684 462 2756 tinam
487 2684 806 2783 obpugnationem
841 2685 921 2760 fieri
955 2695 995 2758 et
1026 2691 1149 2758 crates
1184 2685 1308 2784 parari
1342 2686 1466 2760 iussit.

340 2800 486 2892 Quibus
510 2801 622 2872 rebus
647 2799 815 2894 effectis,
859 2803 1081 2877 cohortatus
1119 2802 1256 2876 milites
1296 2801 1465 2893 docuit,

339 2917 526 3008 quantum
561 2935 676 2992 usum⁴
708 2915 865 2992 haberet
903 2918 952 2990 ad
987 2917 1258 2992 sublevandam
1288 2919 1462 2991 omnium

338 3049 467 3103 rerum
494 3027 678 3124 inopiam,
705 3033 816 3128 potiri
835 3031 973 3132 oppido
992 3031 1103 3132 pleno
1124 3038 1238 3130 atque
1256 3029 1440 3130 opulento
1449 3059 1465 3121 3⁴

339 3137 451 3215 simul
476 3138 627 3238 reliquis
642 3144 862 3220 civitatibus
880 3148 991 3221 huius
1010 3147 1111 3220 urbis
1128 3143 1299 3244 exemplo
1322 3143 1460 3218 inferre

339 3264 549 3344 terrorem
585 3263 623 3330 et
654 3259 693 3332 id
731 3260 810 3334 fieri
844 3261 1035 3353 celeriter,
1070 3263 1285 3363 priusquam
1318 3261 1459 3336 auxilia

252 3371 257 3380 ’
340 3381 621 3449 concurrerent.
647 3377 803 3478 Itaque,
829 3401 916 3453 usus
934 3379 1112 3482 singulari
1129 3381 1292 3454 militum
1311 3381 1459 3472 studio,

340 3491 496 3583 eodem,
520 3515 595 3589 quo
624 3499 801 3583 venerat,
827 3493 885 3568 die
913 3503 999 3593 post
1024 3497 1158 3569 horam
1185 3521 1320 3569 nonam
1350 3499 1456 3597 oppi-

339 3607 430 3680 dum
457 3607 645 3680 altissimis
672 3605 867 3682 moenihus
894 3609 1108 3710 obpugnare
1136 3609 1351 3710 adgressus,
1370 3619 1455 3684 ante

338 3720 426 3792 solis
452 3743 629 3793 occasum
656 3724 887 3822 expugnavit
914 3731 954 3799 et
979 3725 1026 3797 ad
1055 3723 1301 3824 diripiendum
1330 3723 1453 3797 militi·

338 3835 408 3922 bus
433 3839 637 3924 concessit3
663 3839 868 3937 statimqne
894 3839 942 3914 ab
969 3840 1106 3940 oppido
1132 3845 1257 3914 castra
1274 3841 1400 3916 movit
1416 3847 1452 3916 et

367 4171 455 4251 pascis
470 4179 531 4221 aare
546 4171 678 4223 mensibu.
695 4167 763 4225 Edd.
784 4189 862 4242 qnae-
913 4161 1128 4245 qbent‘Appiau.
1146 4169 1206 4225 Cir.
1224 4189 1258 4233 2,
1285 4175 1327 4236 64.
1348 4189 1376 4242 p.
1394 4177 1448 4236 468.

336 4235 524 4372 gqrpmqlqedpqq,
552 4237 625 4309 quod
653 4239 709 4309 iper
738 4257 779 4292 res
807 4257 861 4292 non
927 4239 1071 4370 Biqfaff
1090 4249 1142 4305 41,
1170 4243 1210 4290 tr.
1227 4238 1358 4293 Plutarch.
1375 4239 1447 4292 Caes.

370 4369 485 4421 Praetor·
508 4387 627 4426 summus
638 4371 815 4443 ldaffl'strator.
827 4399 861 4413 -
959 4387 1147 4430 mmmmm.
1172 4373 1232 4432 edd.
1254 4381 1318 4433 vett·
1337 4389 1446 4426 omem

335 4433 379 4490 Dc
394 4405 527 4507 Gomphis
543 4441 701 4510 expugnatis
717 4457 799 4512 patus
817 4438 860 4508 lta
927 4452 994 4499 unt·
