3060 5276
352 305 446 402 500
717 335 774 396 ms
809 334 943 400 ortuo
977 333 1105 396 curn

400 531 462 612 23.
494 532 615 624 Libo,
648 533 840 635 profectus
871 531 919 608 ab
950 533 1068 608 Orico
1100 553 1188 606 cum
1221 529 1373 622 classe,
1423 533 1491 607 cui

348 657 541 754 praeerat,
580 652 735 724 navium
753 649 1060 750 quinquaginta,
1092 647 1337 724 Brundisium
1372 655 1492 725 venit

348 769 606 866 insulamque,
635 791 732 865 quae
757 772 891 842 contra
917 766 1184 842 Brundisinum
1209 773 1373 865 portum
1402 773 1488 857 est,

349 871 570 986 occupavit;
588 883 687 982 quod
703 889 890 982 praestare
905 883 1171 974 arbitrabatur,
1189 907 1309 958 unum
1324 884 1489 978 locum,

348 1025 424 1100 qua
450 999 677 1076 necessarius
695 999 830 1072 nostris
848 1004 931 1072 erat
947 1021 1141 1098 egressos,
1165 1022 1279 1097 quam
1299 1001 1487 1072 omnium

347 1113 465 1192 litora
488 1139 534 1188 ac
561 1122 692 1214 portus
717 1111 891 1188 custodia
916 1110 1063 1188 clausos
1089 1113 1201 1187 tueri.
1239 1111 1313 1184 llic
1342 1136 1488 1209 repen-

349 1234 433 1306 tino
459 1230 628 1306 adventu
655 1253 768 1305 naves
785 1229 974 1306 onerarias
992 1227 1173 1328 quasdam
1191 1235 1327 1302 oacbrs
1348 1227 1487 1301 incon·

351 1345 409 1420 dit
434 1351 475 1422 et
501 1369 615 1420 unam
641 1344 833 1419 frumento
859 1349 1034 1418 onustam
1062 1341 1242 1432 abduxit,
1269 1365 1486 1440 magnum·

351 1487 424 1564 que
452 1462 589 1538 nostris
615 1467 801 1544 terrorem
823 1459 954 1534 iniecit
978 1465 1019 1534 et
1044 1465 1191 1549 noctu,
1221 1455 1419 1532 militibus
1445 1465 1482 1533 et

350 1577 536 1676 sagitariis
561 1579 600 1650 in
631 1582 772 1650 terram
803 1575 1008 1674 expositis,
1041 1571 1266 1672 praesidium
1303 1575 1485 1670 equitum

352 1689 490 1763 deiecit
515 1697 554 1764 et
580 1689 674 1762 adeo
701 1689 771 1762 loci
798 1689 1081 1788 obportunitate
1116 1687 1302 1786 proiecit,
1344 1688 1408 1760 uti
1438 1687 1482 1760 ad

278 1819 285 1832 ·
351 1801 576 1901 Pompeium
592 1801 736 1876 litteras
754 1803 944 1892 mitteret,
960 1827 1075 1878 naves
1092 1801 1272 1900 reliquas,
1290 1799 1322 1872 si
1344 1799 1479 1888 vellet,

353 1920 512 1994 subduci
531 1926 571 1994 et
587 1920 689 1996 refici
707 1919 877 1995 iuberet:
903 1943 972 1996 sua
989 1920 1104 1996 classe
1124 1917 1263 1996 auxilia
1280 1942 1366 1994 sese
1387 1920 1482 1994 Cae·

351 2034 443 2108 saris
469 2033 779 2134 prohibiturum,

334 2173 339 2180 “
404 2152 465 2236 24.
509 2149 602 2224 Erat
635 2173 681 2222 eo
713 2155 884 2248 tempore
915 2148 1104 2224 Antonius
1135 2146 1352 2237 Brundisii,
1380 2149 1472 2246 qui,

350 2254 485 2336 virtuti
511 2260 675 2338 militum
694 2263 896 2354 conlisus,
928 2264 1085 2363 scaphas
1118 2264 1273 2338 navium
1308 2287 1472 2363 magna·

352 2403 440 2454 rum
466 2379 615 2454 circiter
639 2382 833 2482 sexaginta
859 2379 1028 2470 cratibusw
1043 2379 1251 2478 pluteisque
1277 2383 1473 2470 contexit,

353 2517 473 2589 eoque
499 2491 636 2568 milites
662 2492 827 2568 delectos
861 2495 1047 2594 inposuit,
1071 2499 1184 2593 atque
1210 2517 1273 2566 eas
1297 2493 1338 2566 io
1365 2492 1473 2566 litore

353 2607 525 2710 pluribus
543 2609 635 2683 locis
652 2612 850 2709 separatim
871 2609 1073 2709 disposuit,
1096 2634 1283 2708 navesque
1299 2611 1473 2685 triremes

355 2727 470 2816 duas,
496 2749 588 2824 quas
612 2725 798 2800 Brundisii
825 2725 1013 2800 faciendas
1039 2735 1261 2818 curaverat,
1279 2753 1347 2826 per
1363 2749 1473 2803 caus·

353 2862 434 2912 sam
470 2838 764 2914 exercendorum
791 2843 976 2940 remigum
1004 2841 1049 2916 ad
1076 2842 1202 2916 lauces
1228 2849 1359 2942 portus
1384 2867 1474 2942 pro-

355 2955 434 3030 dire
448 2955 568 3030 iussit.
586 2958 663 3032 Has
680 2981 769 3034 cum
784 2955 964 3034 audacius
978 2983 1187 3060 progressas
1200 2961 1293 3033 Libo
1307 2959 1474 3050 vidisset,

355 3093 510 3170 sperans
535 3071 708 3171 intercipi
730 3096 857 3173 posse,
882 3073 1136 3170 quadriremes
1162 3075 1326 3174 quinque
1346 3073 1474 3148 adeas

354 3189 471 3264 misit.
501 3189 609 3282 Quae
635 3213 722 3264 cum
751 3189 910 3262 navibus
935 3193 1071 3264 nostris
1096 3191 1471 3292 adpropinquassent,

354 3306 473 3376 nostri
501 3305 669 3378 veterani
695 3305 733 3378 in
766 3311 917 3404 portum
948 3305 1208 3406 refugiebant:
1242 3303 1314 3395 illi,
1347 3305 1471 3378 studio

352 3420 527 3510 incitati,
566 3421 755 3494 incautius
793 3421 1057 3517 sequebantur.
1095 3421 1176 3494 lam
1215 3443 1259 3493 ex
1300 3421 1470 3496 omnibus

352 3537 524 3640 partitam
549 3537 675 3614 subito
693 3538 929 3614 Antonianae
946 3535 1130 3640 scaphae,
1166 3539 1273 3640 signo
1297 3536 1410 3629 dato,
1430 3563 1469 3612 se

388 3838 501 3886 manum
528 3833 618 3888 lisam
647 3833 751 3895 immo,
775 3837 881 3900 omnia,
980 3839 1078 3888 mauu.
1101 3835 1146 3891 sla
1168 3839 1349 3894 vetustissimi
1370 3847 1398 3892 st
1413 3838 1466 3911 plu·

353 3909 387 3956 nt
403 3903 457 3955 iam
473 3899 518 3956 alii
535 3913 701 3956 moaucront.
720 3903 762 3956 M.
946 3903 1009 3956 rimi
1037 3903 1113 3958 codd.
1140 3903 1197 3958 Alii
1225 3911 1327 3960 votuer-
1356 3907 1412 3962 Noc
1431 3909 1464 3960 ita

388 3973 477 4024 unsri.
495 3969 602 4050 oprimi
618 3971 692 4024 codd.
711 3975 786 4029 turri
801 3969 879 4026 Bam.
946 3969 1024 4024 nala
1042 3971 1086 4024 cf.
1103 3973 1135 4024 C.
1156 3989 1188 4035 ι,
1208 3991 1247 4026 ra.

354 4037 754 4186 '‘andsiti'bl'td‘m..
769 4103 878 4176 napa·
982 4151 1038 4186 ,m
1069 4070 1092 4184 j
1172 4085 1185 4120 ⁶
1230 4103 1238 4119 ·
1331 4087 1341 4121 ¹
1400 4086 1454 4123 ⁰⁸

262 4265 265 4272 ·
353 4169 879 4294 “dolfaaaa1aanann
980 4229 1104 4309 ὛΨΨ·
1139 4219 1247 4308 Μ’Ῐῷ,
1260 4223 1313 4298 hv
1342 4227 1463 4306 llmdlll,t

353 4313 417 4372 vm!
432 4323 455 4358 ς,
476 4319 499 4368 7,
519 4307 571 4358 050
593 4307 666 4360 em
686 4319 736 4369 μ,
762 4313 802 4374 43,
824 4305 879 4364 sad
946 4307 1028 4348 emo.
1042 4313 1071 4364 p.
1087 4309 1144 4361 27²·
1164 4293 1282 4348 lurmrns
1299 4295 1365 4347 velut
1376 4307 1463 4348 serron

354 4377 458 4424 sanum
473 4371 625 4444 adtigcruat
639 4388 706 4429 scm-
723 4373 771 4430 Ma
960 4373 1038 4428 ..lm
1053 4389 1088 4426 et
1103 4389 1173 4430 mu·
1192 4373 1249 4432 Alii
1264 4373 1348 4435 Nam·
1397 4427 1401 4434 .
1463 4426 1467 4434 .
