2986 5268
272 415 276 428 -
314 387 393 446 us.
429 387 498 446 vu.
535 359 841 490 cnn184j87.
1063 361 1157 456 305

36 613 221 694 magnum
239 588 356 664 habet
375 596 623 666 momentum.
654 591 727 666 Alii
745 592 821 666 tela
839 595 1067 686 coniiciunt3
1096 597 1160 672 alii

39 707 231 782 testudine
254 705 357 780 lacta
379 706 566 794 subeunt3
593 707 806 810 defatigatis
827 712 865 784 in
884 713 1006 786 vicem
1024 716 1161 814 integri

38 824 264 900 succedunt.
291 827 447 924 Agger,
470 823 517 896 ab
544 825 730 898 universis
755 827 793 900 in
808 829 1056 904 munitionem
1076 858 1162 908 eon·

38 940 188 1028 iectus,
214 945 254 1012 et
287 937 507 1012 adscensum
543 937 610 1012 dat
641 939 787 1030 Gallis,
813 948 853 1014 et
886 965 959 1034 ea,
990 967 1086 1041 quae
1120 949 1160 1018 in

40 1064 188 1131 terram
215 1055 504 1129 occultaverant
531 1055 717 1147 Romani,
742 1059 939 1158 contegit:
980 1085 1049 1134 nec
1083 1063 1159 1134 iam

37 1197 149 1246 arms
174 1174 341 1260 nostris,
365 1197 434 1246 nec
461 1171 559 1246 vires
583 1173 801 1272 subpetunt.
1173 1247 1201 1264 j
1245 1161 1247 1169 ¹

93 1283 160 1360 86.
194 1287 262 1360 His
295 1287 407 1360 rebus
443 1287 632 1388 cognitis,
660 1288 796 1362 Caesar
824 1289 1033 1363 Labienum
1072 1316 1161 1365 cum

35 1403 262 1477 cohortibus
289 1427 353 1476 sex
372 1403 536 1477 subsidio
550 1403 809 1479 laborantibus
823 1407 956 1480 mittit:
975 1409 1160 1506 imperat,
1236 1499 1241 1512 ι

35 1520 68 1592 si
89 1519 272 1590 sustinere
289 1541 363 1592 non
378 1519 509 1617 possit,
530 1516 699 1592 deductis
716 1520 933 1593 cohortibus
955 1523 1153 1620 eruptione

36 1637 208 1730 pugnet,
226 1631 263 1703 id
284 1633 378 1720 ,nisi
405 1633 633 1720 necessario,
661 1657 706 1706 ne
736 1632 862 1708 faciat.
888 1635 970 1734 lpse
996 1635 1075 1710 adit
1094 1647 1153 1709 re·'

37 1745 190 1841 liquos;
209 1746 456 1836 cohortatur,
484 1771 529 1820 ne
556 1746 674 1820 labori
692 1747 968 1834 succumbant;
991 1752 1161 1822 omnium

35 1861 277 1958 superiorum
304 1861 589 1936 dimicationum
612 1861 783 1946 fructum
809 1863 849 1935 in
879 1885 923 1934 eo
952 1859 1011 1934 die
1043 1856 1158 1960 atque

38 1973 140 2046 hora
158 1975 270 2048 docet
296 1977 509 2051 consistere.
542 1977 765 2066 Interiores,
791 1975 995 2074 desperatis
1013 1999 1161 2076 campe·

36 2088 182 2160 stribus
196 2086 288 2162 locis
302 2095 455 2190 propter
473 2091 770 2192 magnitudinem
785 2089 1038 2164 munitionum
1053 2143 1064 2179 ,
1077 2089 1162 2165 loca

37 2209 246 2300 praerupta
271 2225 319 2274 ex
344 2205 526 2278 adscensu
552 2211 729 2280 tentant:
753 2204 828 2278 huc
846 2229 914 2293 ea,
942 2225 1037 2300 quae
1055 2227 1162 2300 pera·

40 2324 207 2407 verant,
233 2318 458 2395 conferuntz
486 2321 729 2403 multitudine
746 2318 908 2394 telorum
927 2343 974 2392 ex
991 2319 1160 2398 turribus

38 2445 323 2532 propugnantes
350 2437 578 2510 deturbant:
611 2459 743 2538 aggere
770 2441 809 2508 et
834 2432 1000 2507 cratibus
1038 2431 1155 2506 fossas

38 2544 221 2643 explent,
248 2549 372 2624 aditus
398 2553 630 2652 expediunt:
656 2549 813 2624 falcibus
840 2547 979 2622 vallum
994 2571 1038 2622 ac
1069 2545 1160 2622 lori-

39 2683 128 2748 cam
156 2663 383 2738 rescindunt.
979 2683 985 2694 “

93 2773 158 2875 87.
177 2777 312 2852 Caesar
326 2781 445 2855 mittit
460 2784 579 2880 primo
596 2783 758 2856 Brutum
770 2778 1043 2854 adolescentem
1063 2802 1153 2854 cum

41 2897 263 2972 cohortibus
286 2923 378 2990 aex,
404 2907 604 2998 postcom
631 2900 710 2989 aliis
736 2905 880 2998 septem
918 2899 960 2972 C.
995 2895 1157 2968 Fabium

39 3017 253 3116 Legatum:
285 3023 473 3118 postremo
506 3019 609 3116 ipse,
635 3041 752 3114 quum
787 3015 1046 3088 vehementius
1088 3037 1162 3110 pu·

39 3141 221 3232 gustent,
247 3135 411 3234 integros
425 3133 589 3206 subsidio
615 3133 780 3206 adducit.
810 3132 1001 3204 Restituto
1017 3129 1158 3229 proelio

41 3275 89 3329 ac
116 3251 273 3349 repulsis
311 3251 506 3340 hostibus,
536 3273 605 3338 eo,
635 3273 710 3347 quo
737 3249 943 3322 Labienum
983 3248 1162 3336 miserat,

41 3367 266 3456 contendit,
292 3369 466 3442 cohortes
493 3371 657 3464 quatuor
676 3389 723 3437 ex
740 3366 910 3466 proximo
926 3362 1078 3438 castello
1097 3363 1160 3436 de·
1298 3435 1301 3441 .

41 3487 179 3572 ducit;
205 3487 373 3584 equitum
401 3509 439 3558 se
474 3489 620 3582 partem
646 3483 775 3579 sequi,
799 3489 942 3580 partem
962 3483 1161 3556 circumire

41 3601 250 3674 exteriores
277 3597 503 3671 munitiones
530 3601 568 3670 et
593 3597 640 3668 ab
668 3601 776 3696 tergo
805 3597 929 3668 hostes
956 3594 1090 3668 adoriri
1109 3597 1165 3687 iu·

42 3719 121 3794 bet.
152 3717 366 3805 Labienus,
397 3721 598 3814 postquam
626 3735 745 3810 neque
764 3736 933 3813 aggeres,
953 3735 1070 3809 neque
1085 3711 1157 3784 fos·

2 3973 12 4023 ’,
77 3962 253 4031 Agger.tem
262 3955 573 4028 commemorantur.
667 3951 891 4034 spasar'explent.
925 3949 1106 4034 Haecnverbe,
1129 3949 1164 4004 ab

44 4024 93 4082 Sic
110 4038 138 4080 et
153 4045 215 4147 esp!-
231 4032 262 4091 ⁵7
280 4035 307 4078 et
325 4030 365 4078 86.
382 4043 474 4098 aggere
482 4025 574 4096 [υκαι
641 4021 701 4074 elus
716 4021 907 4102 omusa,·0ud.
919 4039 933 4072 e
946 4021 1077 4093 plorasque
1088 4018 1167 4072 coddt

44 4096 159 4165 cupient.
211 4131 220 4145 .
641 4099 711 4144 reete
728 4098 854 4142 resarun.
872 4089 914 4143 M.

78 4208 147 4260 quoe
168 4193 195 4242 in
215 4201 313 4240 terram
329 4216 362 4228 -
378 4195 443 4240 sunt
465 4184 522 4238 litia
545 4193 572 4237 st
673 4181 789 4234 loricam.
807 4182 861 4236 vid.
880 4201 902 4234 c.
921 4196 961 4246 7²·
979 4179 1023 4232 M.

47 4256 161 4341 stimuli‘
180 4255 234 4310 'ld‘
251 4273 307 4327 ΗΡ·
326 4253 366 4321 73.
385 4255 422 4307 Μ·
672 4277 788 4329 brunon
810 4273 942 4346 Metaplrr.
960 4275 1074 4330 Graecus
1092 4271 1164 4346 pras-

76 4363 183 4423 pugnst.
200 4349 257 4404 Alii
270 4362 406 4421 pugium.
639 4353 728 4400 mrtnt
745 4361 905 4414 praenomen
922 4351 1009 4401 blarru.

81 4441 233 4494 Interiores.
250 4441 306 4496 vid.
321 4461 344 4495 c.
362 4443 403 4494 sa.
420 4441 463 4494 M.
523 4447 525 4452 ’
673 4438 779 4491 deducit.
796 4435 853 4492 Alii
868 4438 958 4490 aaut.

152 4541 309 4616 Cnssnn.
335 4539 529 4614 Commeat.
568 4539 679 4612 Tem.
704 4539 734 4612 1.
929 4537 963 4629 Q
990 4561 1015 4634 q
