3040 5264
228 381 231 396 ·
304 272 440 428 ‚Lm
478 367 503 428 r.
539 369 631 429 car.
668 337 844 458 46548.
896 323 898 330 ¹
1094 341 1154 434 53

51 564 149 662 quod
175 562 287 663 pridie
308 565 385 638 eius
403 567 474 640 diei
489 569 666 643 Germani
692 571 843 644 retineri
869 593 943 642 non
971 575 1158 668 poterant,

52 683 139 779 quin
170 684 207 754 in
243 687 389 754 nostros
421 681 496 756 tela
522 685 761 760 coniicerent.
800 686 982 784 Legatum
1010 709 1056 757 ex
1083 689 1159 758 suis

52 825 129 874 sese
154 778 289 900 magno
316 825 403 874 cum
418 800 582 900 periculo
597 801 643 874 ad
661 825 747 874 cum
763 802 963 876 missurum
985 809 1024 877 et
1041 805 1160 879 homi-

52 917 158 988 nibus
171 917 256 989 feris
270 915 519 1005 obiecturum,
538 915 788 990 existimabat.
808 917 1160 990 Commodissimum

54 1033 172 1132 visum
189 1035 265 1120 est,
291 1029 334 1102 C.
351 1029 541 1103 Valerium
567 1028 781 1118 Procillum,
807 1031 849 1100 C.
868 1027 1004 1102 Valerii
1022 1031 1160 1104 Caburi

53 1149 188 1236 filium,
214 1169 362 1220 summa
388 1149 526 1219 virtute
545 1152 585 1220 et
603 1147 839 1222 humanitate
866 1145 1160 1238 adolescentem,

55 1265 72 1358 (
86 1264 187 1336 cuius
213 1269 320 1360 pater
346 1285 368 1334 a
393 1261 435 1333 C.
461 1258 611 1346 Valerio
641 1259 778 1334 Flacco
812 1259 966 1336 civitate
1002 1263 1163 1340 donatus

54 1377 155 1470 erat)
183 1381 222 1448 et
247 1381 400 1474 propter
435 1373 545 1448 fidem
572 1383 613 1449 et
637 1385 789 1474 propter
820 1374 969 1476 linguae
997 1379 1161 1454 Gallicae

54 1491 266 1579 scienti-am,
292 1513 366 1586 qua
382 1487 504 1564 multa
521 1492 597 1564 iam
615 1490 824 1564 Ariovistus
849 1487 1052 1587 longinqua
1074 1517 1162 1566 con-

54 1601 247 1680 suetudine
275 1603 477 1689 utebatur,
505 1611 544 1678 et
560 1603 661 1704 quod
679 1606 716 1680 in
737 1627 780 1676 eo
798 1603 976 1702 peccandi
1004 1605 1164 1679 Germa·

54 1723 111 1792 nis
135 1743 265 1812 caussa
290 1743 366 1792 non
392 1727 515 1810 essct,
540 1719 700 1794 adeum
726 1720 901 1806 mittere,
928 1727 967 1792 et
993 1721 1044 1792 M.
1067 1723 1163 1796 Met·

54 1840 167 1928 tium,
185 1839 246 1940 qui
267 1836 428 1938 hospitio
444 1837 623 1921 Ariovisti
641 1861 728 1912 usus
748 1843 840 1910 erat.
867 1838 934 1910 llis
951 1837 1162 1947 mandavit,

55 1965 123 2045 ut,
148 1981 243 2055 quae
270 1955 412 2028 diceret
439 1955 678 2044 Ariovistus,
704 1965 971 2055 cognoscerent
996 1967 1036 2032 et
1061 1963 1107 2034 ad
1124 1987 1164 2036 se

54 2071 246 2148 referrent.
272 2073 376 2164 Quos
402 2093 519 2168 quum
545 2068 644 2168 apud
670 2094 708 2142 sc
733 2069 772 2158 iu
799 2074 927 2145 castris
953 2075 1164 2149 Ariovistus

36 2185 325 2285 conspexisset,
354 2185 524 2260 exercitu
549 2207 619 2258 suo
645 2191 860 2284 praesente,
890 2185 1163 2262 conclamavit:

55 2299 153 2391 Quid
181 2300 227 2372 ad
252 2323 290 2372 se
318 2297 520 2372 uerrirenti
562 2300 622 2372 An
648 2295 862 2398 speculandi
888 2299 1052 2372 caussa?
1089 2303 1165 2376 Co-

54 2415 176 2488 nantis
201 2414 323 2488 dicere
348 2413 542 2514 prohibuit
567 2418 606 2486 ot
631 2415 670 2486 in
696 2417 848 2488 catenas
874 2413 1046 2504 coniecit.

42 2615 45 2624 ,
105 2525 168 2615 48.
181 2527 322 2600 Eodem
339 2529 397 2601 die
414 2535 536 2602 castra
555 2530 745 2628 promovit
762 2533 801 2600 et
827 2525 976 2600 milibus
990 2551 1167 2626 passuum

54 2667 120 2722 sex
139 2667 160 2715 a
177 2643 344 2728 Caesaris
370 2645 502 2717 castris
528 2641 597 2715 sub
625 2649 753 2716 monta
779 2640 959 2714 consedit.
986 2642 1168 2716 Postridie

56 2761 135 2838 eius
161 2756 232 2837 diei
260 2764 408 2857 praeter
434 2764 558 2858 castra
583 2757 749 2831 Caesaris
782 2781 868 2830 suas
893 2757 1020 2854 copias
1045 2761 1169 2830 trans-

56 2877 166 2949 duxit
183 2884 221 2948 et
235 2873 385 2970 milibus
403 2899 577 2974 passuum
597 2872 742 2950 duobus
759 2873 859 2949 ultra
874 2873 960 2946 eum
978 2881 1102 2948 castra
1121 2875 1171 2948 fe·

56 2991 126 3078 cit,
152 3011 197 3062 eo
217 2989 397 3076 consitio,
427 2993 480 3063 uti
499 2989 689 3062 frumento
708 2997 1017 3086 commeatuque,
1042 2992 1105 3086 qui
1124 3009 1173 3063 en

56 3109 241 3204 Sequanis
265 3113 303 3179 et
329 3107 467 3182 Aeduis
492 3105 806 3204 subportaretur,
831 3107 1027 3180 Caesarem
1054 3109 1173 3180 inter·
1260 3200 1263 3208 ι

57 3219 240 3314 eluderet,
263 3221 321 3297 Ex
334 3245 378 3294 eo
393 3222 451 3300 die
469 3220 546 3294 dies
564 3223 763 3296 continuos
777 3223 941 3320 quinque
955 3224 1092 3295 Caesar
1107 3247 1173 3320 pro

56 3339 191 3409 castris
218 3361 302 3411 suas
329 3339 454 3444 copias
481 3335 659 3434 produxit
672 3342 711 3410 et
728 3337 849 3409 aciem
862 3339 1087 3410 instructam
1103 3337 1173 3420 lra-

55 3449 162 3540 huit,
190 3457 251 3538 ut,
278 3451 307 3538 si
334 3449 449 3526 vellet
475 3449 684 3523 Ariovistus
710 3449 849 3550 proelio
876 3447 1118 3542 contendere,
1141 3450 1175 3535 ei

57 3575 228 3666 potestas
253 3591 327 3640 non
354 3567 509 3672 deesset,
535 3557 746 3666 Ariouistus
773 3566 829 3664 llis
855 3567 1028 3662 omnibus
1047 3565 1176 3654 diebus

752 3786 758 3798 .
981 3780 994 3806 Ν
1031 3782 1036 3793 .

58 3781 586 3920 putrefierent-dat
653 3779 1086 3926 ,datadcantolu
1099 3781 1178 3918 aa:

58 3919 97 3972 ihi
122 3917 219 3988 habult
242 3935 401 3988 praenomen
431 3919 489 3983 Caii
500 3951 510 3982 ,
532 3935 586 3976 unu
653 3923 725 3976 uma,
742 3917 907 3986 longinquum
924 3921 1002 3974 νιίιιηιΔ
1018 3915 1085 3970 dreit
1103 3917 1178 3968 Plau·

78 3994 153 4038 otest
163 3979 362 4054 lnc'cognomen
380 3977 465 4042 Marci
476 3981 587 4052 habore,
656 3985 700 4046 tu's
717 3982 775 4042 Mil.
793 3987 824 4044 3,
845 4000 871 4044 r,
893 3981 946 4042 136,
963 3982 1066 4044 (dolores
1083 3983 1180 4054 longlar·

59 4004 89 4104 lt
116 4055 145 4105 in
173 4051 303 4123 metaphr.
327 4053 375 4105 G'r.
398 4051 506 4109 ct'edd.
526 4053 528 4059 ⁸
551 4051 591 4104 ui·
656 4070 720 4121 quos
738 4050 792 4103 Cic.
811 4051 869 4102 Flu.
887 4067 924 4116 2,
942 4068 983 4118 ²9·
1128 4067 1130 4070 ·

61 4118 175 4172 busdam
188 4119 300 4188 legitur:
312 4137 399 4194 neque
416 4071 590 4171 didascalia·
645 4159 648 4166 ,
691 4118 865 4184 coarctamavic.
882 4117 922 4169 ltu
937 4117 1013 4174 codd.
1030 4115 1083 4171 Sed
1097 4117 1179 4187 vulgg.

63 4189 150 4239 mines
175 4187 280 4248 luisse,
304 4205 344 4239 res
369 4189 426 4256 ipsa
455 4185 591 4248 declarat,
658 4185 796 4248 clamavit,
822 4185 896 4254 qimai
921 4203 974 4241 uon
998 4194 1090 4265 posset
1112 4203 1180 4238 unns

62 4256 113 4322 etsi
142 4273 217 4307 secero
242 4255 330 4306 visum
359 4262 401 4306 cst
428 4251 568 4316 Ciaccmrio
580 4291 588 4314 ,
660 4252 714 4306 dici
731 4252 897 4308 condomare.
916 4253 953 4302 M.
966 4253 1008 4305 Cl.
1026 4253 1131 4314 &oraim
1147 4251 1180 4309 ud

63 4320 99 4378 ita
127 4330 239 4390 tamen,
261 4329 291 4372 ut
316 4321 461 4374 fluctuarat.
483 4319 592 4384 lllouue·
660 4322 727 4380 Aen.
751 4321 783 4381 3,
809 4319 865 4370 523.
888 4319 919 4372 V.
936 4329 964 4384 ct
980 4323 1048 4374 Aen.
1066 4323 1104 4386 6,,
1122 4326 1179 4388 ²⁵9·

64 4379 128 4470 lm
148 4385 526 4466 Davia.et911deudorp.lli.
661 4385 741 4448 Ovid-
758 4387 823 4447 Met.
841 4391 877 4456 ’4,
895 4389 953 4466 ipo.
1026 4388 1028 4392 ’

899 4565 909 4594 t
