3032 5266
351 322 450 448 446

722 351 778 412 nr
814 349 949 412 sucro
983 348 1110 410 crvrur

348 557 573 660 lungunmr.
598 554 677 630 Sub
695 559 799 630 tecto
816 551 939 644 miles,
956 549 1110 627 dextera
1128 573 1172 624 nc
1191 551 1339 626 sinistra
1359 573 1464 626 muro

348 679 498 764 tectus,
523 670 715 757 adversus,
740 669 857 770 plutei
885 667 1058 759 obiectu,
1078 665 1180 768 operi
1207 689 1464 764 quaecumque

350 791 437 866 usui
463 795 571 880 sunt,
597 791 675 864 sine
701 785 867 890 periculo
892 783 1105 886 subporlet.
1130 782 1308 858 Celeriter
1328 807 1389 856 res
1406 784 1468 858 ad-

350 907 612 984 ministratur:
652 903 820 980 diuturni
852 901 991 978 laboris
1024 901 1292 976 detrimentum
1319 899 1467 976 solertia

348 1031 393 1101 ct
417 1026 559 1100 virtute
584 1021 748 1097 militurn
767 1019 872 1094 brevi
889 1019 1198 1094 reconcinnetur:
1219 1024 1371 1118 portae,
1390 1022 1469 1116 qui·

347 1141 420 1218 bus
444 1141 537 1218 locis
563 1141 737 1232 ridetur,
763 1139 968 1240 eruptionis
994 1139 1191 1211 naumain
1217 1161 1330 1212 muro
1353 1137 1470 1218 relin-

350 1263 532 1358 quuntur.
1269 1292 1273 1300 ·

407 1367 464 1444 16.
491 1367 603 1464 Quod
628 1369 692 1442 ubi
719 1365 846 1444 hostes
873 1365 1066 1462 viderunt,
1095 1391 1160 1456 ea,
1185 1391 1281 1465 quae
1308 1365 1372 1441 diu
1389 1365 1471 1440 lon-

346 1507 472 1586 goque
497 1485 618 1586 spatio
644 1481 745 1558 refici
773 1507 849 1556 non
874 1506 982 1584 posse
1008 1488 1238 1582 sperassent,
1258 1503 1470 1580 paucorum

348 1595 496 1672 dierum
522 1621 636 1698 opera
661 1605 701 1672 et
725 1597 853 1672 labore
878 1597 933 1672 ite
958 1599 1126 1687 relecta,
1161 1603 1204 1670 ut
1238 1595 1362 1669 nullus
1389 1621 1472 1695 per·

348 1711 458 1790 fidiae
485 1739 605 1813 neque
632 1715 818 1816 eruptioni
845 1712 951 1790 locus
976 1720 1089 1802 esset,
1116 1737 1235 1812 neque
1262 1706 1471 1812 quidquem

346 1832 501 1905 omnino
533 1831 827 1932 relinqueretur,
845 1855 922 1932 quo
939 1837 1006 1906 aut
1024 1831 1064 1905 vi
1080 1829 1282 1922 militibus,
1305 1837 1376 1905 aut
1394 1835 1470 1931 igni

345 1949 520 2048 operibus
546 1949 671 2024 noceri
690 1953 833 2050 posset,
862 1947 1068 2047 eodemque
1092 1943 1264 2049 exemplo
1281 1951 1470 2042 sentiunt,

345 2069 470 2140 totam
497 2065 652 2156 urbem,
678 2091 753 2165 qua
779 2065 828 2138 sit
854 2063 978 2139 aditus
1006 2064 1054 2136 ab
1081 2069 1208 2154 terra,
1240 2089 1353 2140 muro
1390 2075 1469 2142 tur·

346 2179 526 2277 ritusque
551 2181 902 2280 circumiriposse,
927 2180 1006 2270 sic,
1041 2185 1085 2254 ut
1123 2180 1211 2280 ipsis
1237 2181 1465 2255 consistendi

345 2293 385 2368 in
412 2296 487 2384 suis
514 2295 785 2369 munitionibus
810 2293 917 2369 locus
943 2317 1017 2367 uon
1044 2299 1164 2382 esset,
1197 2315 1315 2392 quum
1352 2319 1469 2395 paene

346 2407 586 2484 inaedificata
612 2412 650 2484 in
677 2412 794 2484 muris
824 2409 871 2482 alr
899 2409 1067 2484 exercitu
1094 2413 1223 2482 nostro
1240 2409 1396 2482 moenia
1416 2411 1469 2484 vi-

348 2525 528 2601 derentur
562 2553 606 2601 ao
636 2527 711 2602 tela
749 2551 865 2602 manu
903 2528 1195 2617 coniicerentur,
1235 2551 1469 2627 suorumque

347 2649 628 2738 tormentorum
646 2667 779 2735 usum,
797 2643 932 2742 quibus
952 2644 1021 2744 ipsi
1039 2667 1174 2744 magna
1196 2647 1470 2745 speravissent,
1507 2635 1508 2640 ¹

347 2757 471 2855 spatio
497 2759 785 2858 propinquitatis
811 2761 981 2847 interire;
1008 2761 1161 2858 parique
1187 2757 1410 2835 conditione
1427 2787 1471 2834 ex

348 2893 459 2944 muro
485 2895 529 2944 ec
556 2873 722 2946 turribus
747 2873 911 2949 bellandi
936 2857 1049 2964 dota,
1076 2877 1218 2950 virtute
1252 2899 1292 2949 se
1329 2880 1470 2952 uostris

345 2983 557 3084 ”adaequare
584 3011 657 3062 non
684 3011 791 3090 posse
815 2989 1064 3093 intellegunt:
1098 2990 1149 3069 ad
1177 2989 1330 3066 easdem
1357 2991 1470 3088 dedis·

348 3097 462 3174 tinnis
488 3101 720 3192 conditiones
744 3111 955 3180 recurrunt.

381 3389 456 3424 muro
473 3351 557 3428 ternu.
591 3377 625 3432 ri
641 3385 719 3426 nctus
736 3373 870 3427 abundare

347 3441 444 3494 statuit
460 3440 602 3494 Mantum.
627 3459 654 3510 p.
680 3443 737 3494 268.
772 3441 871 3494 Verum

347 3507 575 3561 consentientibus
603 3507 679 3561 codd.
706 3507 870 3563 abundantia

346 3593 403 3630 non
419 3582 505 3628 nocet.
548 3575 599 3627 Pro
615 3577 659 3628 rub
676 3587 742 3628 tecto
758 3575 806 3628 dii
824 3577 870 3630 reeh

347 3641 532 3771 Ἢνίνᾞιιεοῗ
540 3641 775 3762 dldrdedlnssrddum

380 3781 582 3827 reconcinnetur.
616 3777 694 3830 Recte
710 3775 775 3840 hoc,
793 3779 868 3847 qnis-

344 3842 868 3982 lllttlntttltstt‚titt

332 3985 387 4030 ¹cst
403 3977 589 4030 rwoncr'lr'atur.
608 3977 677 4032 Nnrn
690 3983 868 4031 recondam

344 4045 375 4098 in
391 4043 551 4100 calilicendo
568 4049 634 4116 poni
657 4065 705 4116 pro
722 4047 867 4111 resarcire,

344 4111 448 4164 reticere
469 4113 613 4183 conlapsa,
639 4131 671 4166 ex
688 4113 743 4168 Cic.
762 4111 794 4165 ud
812 4111 866 4184 Qu.

343 4177 387 4230 Fr.
410 4195 445 4241 2,
465 4182 490 4232 6.
514 4181 568 4231 iem
584 4179 706 4235 docuerat
727 4177 867 4235 Cellnrius.

343 4243 376 4298 Si
441 4265 457 4298 ο
476 4251 583 4300 ruinosa
604 4255 783 4301 reconcinnare
803 4247 868 4300 ‹lici-

343 4317 407 4371 tur.
445 4314 478 4367 ici
492 4317 571 4368 etiem
589 4323 677 4386 potest
686 4319 866 4369 detrimentum

344 4383 519 4432 reconcinnari
526 4420 535 4444 ,
553 4389 616 4452 quie
634 4383 821 4438 detrimentum
837 4381 866 4434 lr.

935 3373 954 3428 l.
966 3383 1007 3429 nst
1017 3375 1225 3437 detrimentum,
1236 3377 1314 3430 ruine
1327 3392 1470 3452 noeeptnnr

936 3443 1007 3506 (den
1019 3443 1138 3496 Selruden
1149 3444 1299 3496 mbcrscm
1306 3451 1328 3510 ).
1341 3448 1385 3498 M.
1403 3447 1469 3502 Sml.

936 3511 991 3562 iem
1007 3509 1089 3562 habet
1104 3517 1309 3563 reconcinnetur.
1329 3523 1365 3569 rs
1385 3533 1470 3566 reson

935 3577 1040 3630 rilr'anr
1058 3576 1240 3653 metaphoram
1253 3577 1335 3632 hebet
1348 3581 1389 3635 ab
1404 3583 1471 3635 eni·

935 3653 1047 3780 cm(deind
1063 3712 1111 3763 udi.
1129 3712 1204 3767 Leid-
1223 3731 1246 3764 π.
1264 3712 1319 3766 Sed
1335 3715 1392 3767 udi.
1414 3715 1470 3768 Ve-

936 3781 1238 3926 ternensi
1274 3785 1469 3904 rueres

969 3912 1054 3964 adrem
1075 3915 1106 3964 ab
1123 3927 1204 3966 rma.
1238 3915 1309 3968 Mile
1325 3927 1396 3988 post
1413 3920 1469 3970 uli-

935 3989 976 4031 tur
992 3979 1094 4048 virgula
1112 3979 1219 4034 locetur.

967 4051 1102 4098 nirwnrirr'.
1114 4046 1158 4101 sic
1169 4049 1244 4103 codd.
1257 4051 1310 4102 Ast
1321 4049 1388 4104 edd.
1400 4061 1468 4105 vett.

934 4117 1118 4196 &semenare-i,
1130 4117 1201 4197 quod
1212 4119 1313 4187 recepit
1329 4117 1467 4200 Chritus.

934 4183 1469 4318 „ffllt‘fdltondl‘tffiltt

935 4333 1016 4386 prope
1029 4335 1116 4370 muros
1128 4317 1201 4372 urbis
1208 4317 1388 4374 Massiliensis
1396 4331 1466 4373 stru

934 4391 974 4436 cte
991 4393 1080 4448 crunt,
1095 4393 1125 4438 ut
1137 4387 1243 4440 rosiers
1254 4395 1408 4458 tangerent.
1420 4391 1463 4442 Μ.
