3068 5260
404 313 485 430 tin.
520 353 547 428 ι’.
582 362 675 429 oar.
711 339 889 434 21-23.
1139 333 1198 438 25

87 573 137 650 ad
171 593 235 647 eos
267 568 487 662 contendit,
526 551 810 674 equitatumque
851 601 999 655 omnem
1038 591 1125 660 aute
1164 610 1202 658 se

86 690 223 762 mittit.
264 687 306 758 Ρ.
333 685 559 774 Considius,
594 689 659 786 qui
684 683 737 762 rei
763 689 934 767 militaris
959 697 1203 792 peritissimus

87 805 329 893 habebatur,
362 809 402 878 et
433 803 471 876 in
498 805 665 878 exercitu
691 806 734 877 L.
761 804 886 880 Sullae
927 818 966 884 et
1001 821 1131 912 postea
1164 817 1204 889 in

86 923 144 995 M.
170 919 291 992 Crassi
319 917 469 1002 llrerat,
494 942 582 992 curn
609 917 915 1018 exploratoribus
931 930 1202 1023 praemittitur.

141 1055 204 1110 aa.
230 1034 355 1106 Prima
382 1029 491 1122 luce,
525 1055 642 1130 quum
674 1053 844 1109 summus
875 1047 985 1114 mons⁸
1009 1065 1031 1114 a
1057 1043 1102 1116 T.
1128 1045 1203 1117 La·

87 1149 201 1224 hieno
230 1151 442 1236 teneretur,
468 1147 544 1246 ipse
563 1147 609 1220 ab
628 1148 794 1223 hostiurn
814 1153 947 1228 castris
965 1134 1040 1234 non
1058 1154 1205 1257 longius

88 1263 179 1337 mlle
197 1269 236 1336 et
253 1263 463 1361 quingentis
482 1263 648 1360 passibus
666 1263 832 1355 abesset,
850 1289 970 1366 neque
987 1323 998 1359 ,
1015 1277 1059 1343 ut
1075 1277 1206 1369 postea

88 1401 139 1450 ex
165 1379 324 1475 captivis
351 1378 559 1475 comperit,
584 1383 652 1450 aut
677 1377 791 1476 ipsius
810 1379 1019 1472 adventus,
1045 1391 1112 1456 aut
1130 1385 1206 1456 La-

88 1492 190 1566 bieni
229 1491 404 1594 cognitus
437 1498 557 1566 esset:
592 1491 787 1566 Considius
820 1515 917 1592 equo
953 1495 1114 1570 admisso
1155 1498 1204 1570 ad

90 1631 179 1678 eum
206 1607 398 1692 adcurrit3
420 1605 532 1697 dicit,
559 1613 747 1697 montem,
774 1629 885 1712 quern
906 1633 928 1682 a
946 1609 1113 1684 Labieno
1136 1635 1206 1684 oc-

91 1722 222 1820 cupari
249 1721 435 1806 voluerit,
463 1721 510 1793 ab
537 1722 706 1795 hostibus
733 1724 876 1809 teneria
902 1723 940 1796 id
958 1749 995 1796 se
1013 1749 1035 1796 a
1053 1723 1206 1798 Gallicis
1256 1711 1258 1716 ⁵

90 1841 206 1910 arrnis
224 1843 337 1935 atque
355 1837 560 1938 insignibus
574 1839 805 1938 cognovisse.
831 1841 967 1914 Caesar
980 1865 1066 1913 suas
1080 1843 1206 1940 copias

91 1952 131 2025 in
158 1955 370 2051 proximum
398 1950 530 2026 collem
557 1953 757 2045 subducit,
783 1956 903 2028 aciem
929 1955 1093 2030 instruit.
1131 1957 1206 2027 La-

92 2069 249 2160 bienus,
275 2077 319 2144 ut
344 2076 426 2143 erat
451 2069 483 2142 ei
511 2075 753 2168 praeceptum
781 2095 803 2141 a
828 2071 1005 2160 Caesare,
1032 2095 1078 2144 ne
1096 2095 1208 2170 proe-

93 2183 186 2256 lium
206 2185 479 2274 committeret,
508 2185 576 2257 nisi
603 2185 718 2282 ipsius
743 2185 871 2283 copiae
898 2209 1013 2284 prope
1041 2185 1207 2258 hostium

95 2305 220 2372 castra
254 2299 355 2372 visae
390 2305 536 2386 essent;
577 2305 621 2371 ut
655 2298 819 2398 undique
844 2321 930 2400 ,uno
966 2304 1134 2396 tempore
1169 2300 1208 2370 in

93 2411 222 2486 hostes
247 2415 395 2514 inpetus
421 2413 553 2498 fieret,
589 2419 719 2486 monte
754 2418 941 2511 occupato
967 2417 1115 2483 nostros
1141 2435 1210 2482 ex-

93 2530 287 2628 spectabat
310 2529 527 2628 proelioque
554 2529 778 2604 abstinebat.
812 2527 936 2601 Multo
964 2527 1122 2626 denique
1149 2528 1208 2601 die

94 2671 161 2745 per
187 2647 439 2746 exploratores
466 2645 603 2719 Caesar
620 2647 820 2746 cognovit,
846 2651 885 2736 et
907 2650 1073 2748 montem
1094 2647 1209 2718 asnis

95 2762 235 2850 teneri,
261 2769 300 2834 et
326 2761 519 2835 Helvetios
545 2767 668 2835 castra
694 2763 881 2850 movisse,
907 2759 1211 2868 et‘Considiurn¹

95 2879 231 2950 timore
251 2879 512 2976 perterritum,
538 2877 639 2974 quod
660 2903 733 2950 non
753 2878 926 2966 vidisset,
951 2901 1020 2975 pro
1042 2878 1121 2950 viso
1140 2879 1210 2949 sibi

95 2993 342 3067 renunciasse.
368 2993 424 3065 Eo
443 2993 518 3080 die,
537 3017 612 3089 quo
628 2999 846 3076 consuerat,
865 2991 1064 3064 intervallo
1085 2991 1211 3065 hostes

95 3107 265 3205 sequitur
283 3114 321 3181 et
338 3105 438 3180 milia
454 3131 629 3208 passuum
645 3110 717 3182 tria
732 3108 779 3180 ab
795 3129 924 3182 eorum
942 3107 1073 3178 castris
1087 3112 1211 3188 castra

96 3223 215 3322 punit.

40 3377 43 3382 ,
147 3339 208 3412 23.
235 3338 416 3412 Postridie
442 3339 520 3412 eius
547 3337 645 3426 diei,
671 3337 772 3436 quod
799 3338 950 3410 omnino
969 3337 1124 3411 biduum
1151 3361 1214 3410 su⁴

94 3461 265 3552 pererat,
284 3439 400 3550 quum
420 3455 588 3528 exercitu
606 3449 837 3526 frumentum
858 3455 979 3526 metiri
1000 3459 1211 3552 oporteret,

95 3577 136 3644 et
153 3571 254 3668 quod
277 3597 298 3644 a
321 3571 512 3660 Bibracte,
532 3570 668 3668 oppido
682 3569 899 3643 Aeduorum
916 3569 1026 3670 longe
1046 3569 1212 3642 maximo

95 3713 140 3762 nc
159 3688 433 3789 copiosissimo,
452 3709 527 3758 non
546 3685 704 3786 amplius
724 3687 873 3760 milibus
894 3711 1070 3788 passuum
1088 3688 1213 3761 XVlll

109 3939 191 4007 ¹ante
207 3945 243 3978 se.
260 3925 305 3979 Sic
323 3924 444 4007 Clsrlss
463 3925 540 3980 codd.
558 3927 637 3980 Sea·'
721 3925 865 4006 Hebetios.
884 3927 917 3980 ul.
931 3927 1027 3980 hostes.
1080 3994 1106 4007 ..

95 3995 502 4114 tennemonn..
688 3991 1215 4132 ..uuadilatasset:tl!

130 4130 279 4196 insignibus.
297 4147 323 4180 r.
343 4129 397 4182 iud.
416 4128 458 4180 M.
689 4135 749 4180 tum
765 4129 943 4199 exspectabat.
955 4130 996 4181 cf.
1006 4147 1028 4181 c.
1046 4132 1083 4180 rs.
1096 4129 1151 4181 lloc
1163 4147 1215 4199 op-

128 4213 216 4264 prope.
234 4195 301 4248 Cod.
319 4196 406 4248 Oxou.
429 4207 545 4265 propter.
563 4213 618 4248 nou
686 4196 783 4266 pidum
796 4196 1000 4264 intelligendum
1013 4206 1066 4258 cst,
1079 4215 1140 4250 cnm
1153 4195 1215 4248 Plu·
1305 4227 1307 4234 ·

96 4263 174 4318 male.
191 4263 235 4316 sic
253 4271 279 4314 et
296 4263 355 4315 Lir.
377 4267 422 4323 ¹8,
442 4268 481 4327 46.
686 4263 793 4316 trsrclrus
816 4265 862 4328 (in
889 4265 962 4316 Caes.
988 4283 1047 4332 cap.
1075 4269 1127 4327 18)
1147 4261 1215 4314 banc

132 4331 231 4382 Caesar·
247 4335 373 4399 cognovit.
392 4337 425 4387 Ti
446 4331 546 4383 Caesar
569 4329 618 4383 ad·
685 4347 741 4381 rem
766 4333 920 4398 attingens,
948 4331 1029 4384 dicit:
1056 4343 1149 4400 Καῖσαρ
1183 4335 1214 4388 ris

96 4396 168 4452 didit
183 4399 273 4452 Davis-
291 4417 305 4450 e
322 4397 401 4450 cocltl.
687 4404 751 4451 silo
769 4402 821 4452 mal
839 4407 906 4469 §flav
922 4404 970 4468 ἔγει
988 4406 1027 4454 rs'u
1044 4403 1151 4470 asparis.
1171 4395 1215 4450 M·

200 4496 358 4568 Casssnu.
385 4495 581 4569 Commeat.
633 4497 739 4566 Turn.
770 4497 798 4566 l.
977 4491 1011 4568 l)
