3040 5264
367 379 448 445 tm.
483 381 510 444 1.
545 386 637 446 cm.
677 349 850 448 5153.
1103 357 1160 482 57

47 585 211 688 desuper
236 586 487 662 vulnerarent.
514 591 640 682 Quum
667 589 832 663 hostium
860 592 956 666 acies
974 619 995 667 a
1014 596 1165 670 sinistro

47 729 171 778 cornu
190 705 293 802 pulsa
310 710 423 799 atque
444 706 479 776 in
501 704 626 804 fugam
646 721 826 778 conversa
852 713 969 796 esset,
989 731 1011 780 a
1029 708 1165 782 dextro

46 843 171 889 cornu
188 818 427 889 vehementer
442 818 678 892 multitudine
694 843 845 893 suorum
863 827 1030 894 nostram
1045 824 1168 904 aciem

48 935 287 1032 premebant.
317 933 356 1004 ld
376 957 491 1028 quum
508 933 833 1010 animadvertisset
850 937 891 1008 P.
909 937 1061 1036 Crassus
1080 937 1167 1012 ado·

47 1048 194 1122 lescens
209 1103 221 1137 ,
238 1049 300 1146 qui
320 1051 491 1143 equitatu
511 1055 697 1145 praeerat,
724 1049 825 1146 quud
843 1049 1050 1148 expeditior
1069 1056 1165 1140 erat,

50 1190 167 1262 quam
188 1167 246 1248 hi,
263 1165 324 1261 qui
344 1165 442 1236 inter
459 1164 576 1235 aciem
598 1163 862 1256 versabantur,
876 1159 1028 1248 tertiam
1046 1167 1166 1240 aciem

51 1279 314 1354 laborantibus
331 1277 467 1350 nostris
485 1277 647 1350 subsidio
668 1279 781 1351 misit.
888 1321 896 1338 ·

134 1395 194 1466 53.
220 1381 278 1466 lta
305 1392 486 1490 proelium
514 1394 732 1466 restitutum
750 1399 807 1466 est
825 1399 939 1492 atque
957 1417 1086 1466 omnes
1102 1390 1170 1464 ho·

54 1515 132 1582 stes
149 1516 255 1608 terga
275 1515 486 1596 verterunt,
514 1533 631 1605 neque
659 1511 759 1608 prius
779 1511 907 1610 fugere
935 1509 1170 1598 destiterunt,

55 1647 171 1720 quam
197 1623 243 1696 ad
268 1621 406 1698 flumen
432 1623 606 1695 Rhenum
634 1623 735 1697 milia
762 1649 935 1724 passuum
954 1650 1000 1698 ex
1020 1649 1064 1698 eo
1081 1623 1168 1696 loco

56 1742 209 1813 circiter
234 1739 503 1836 quinquaginta
530 1740 779 1836 pervenerint.
814 1741 869 1824 lui
897 1741 1072 1840 perpauci
1098 1747 1167 1814 aut

54 1855 198 1926 viribus
213 1853 340 1926 conlisi
361 1859 592 1926 transnatare
610 1854 898 1946 contenderunt,
912 1862 978 1928 aut
993 1853 1171 1928 lintribus

56 1972 221 2045 inventis
247 1971 314 2044 sibi
341 1967 499 2042 salutem
526 1977 754 2066 repererunt.
781 1973 823 2044 ln
839 1973 894 2046 his
921 1971 992 2045 fuit
1023 1972 1171 2043 hriovi⁴

60 2093 165 2168 stus,
205 2085 269 2182 qui
309 2081 520 2156 naviculam
560 2083 760 2184 deligatam
788 2086 834 2160 ad
860 2087 979 2186 ripam
1007 2091 1173 2173 nactus,

60 2227 103 2276 ea
130 2198 321 2299 profugit=
346 2197 507 2294 reliquos
527 2224 655 2273 omnes
673 2203 863 2274 consecuti
891 2201 1034 2297 equites
1052 2200 1174 2272 nostri

62 2315 342 2390 interfecerunt.
385 2309 500 2387 ‘Duae
527 2315 677 2389 fuerunt
703 2316 881 2390 Ariovisti
909 2337 1068 2402 uxores,
1096 2337 1171 2392 uua

62 2434 187 2506 Sveva
214 2429 389 2518 natione,
415 2450 526 2526 qnam
547 2431 593 2502 ab
609 2429 721 2503 domo
747 2441 874 2503 secum
901 2429 1095 2512 eduxerat;
1115 2427 1172 2498 at-

62 2551 143 2620 tera
168 2547 334 2630 Norica,
361 2547 457 2644 regis
483 2546 659 2618 Vocionis
685 2569 814 2634 soror,
842 2567 955 2641 quam
980 2543 1018 2614 in
1047 2541 1171 2630 Gallia

63 2659 221 2731 duxerat
237 2713 249 2747 ,
264 2685 287 2732 a
301 2659 416 2733 fratre
435 2662 609 2732 missam:
637 2667 816 2757 utraeque
834 2661 871 2732 in
891 2683 934 2731 ea
953 2656 1040 2756 fuga
1059 2657 1175 2754 perie·

63 2781 165 2846 runt
192 2775 295 2846 Duae
321 2774 417 2848 filiae
444 2774 597 2863 harum,
615 2774 732 2847 altera
752 2774 893 2860 occisa,
911 2769 1027 2843 altera
1053 2775 1167 2866 capta

50 2899 133 2966 est.
159 2889 201 2964 C.
228 2891 396 2965 Valerius
422 2889 627 2979 Procillus,
654 2914 770 2988 quum
788 2914 810 2961 a
829 2887 1045 2962 custodibus
1059 2881 1102 2956 in
1116 2885 1175 2956 fu·

64 3031 110 3105 ga
130 3005 238 3078 trinis
256 3008 396 3078 catenis
416 3007 565 3079 vinctus
592 3007 805 3079 traheretur
819 3059 830 3094 ,
844 3006 881 3076 in
901 3006 1022 3102 ipsum
1038 2999 1176 3071 Caesa*

64 3147 176 3212 rem,
212 3123 328 3194 hostis
355 3125 526 3216 equitatu
554 3126 862 3221 persequentem,
887 3117 1031 3190 incidit.
1071 3118 1176 3206 Quae

65 3238 217 3338 quidem
243 3263 300 3310 res
326 3237 472 3311 Caesari
500 3263 575 3310 non
593 3239 800 3324 minorem,
826 3260 940 3334 quam
958 3237 1038 3334 ipsa
1056 3235 1178 3305 victo·

95 3484 291 3550 ‹loinqrmgintm
307 3475 357 3531 uic
372 3495 497 3531 numerus
511 3473 588 3546 plane

67 3551 182 3605 incertus
204 3555 253 3597 esc.
271 3547 371 3598 Omnes
387 3545 463 3598 codd.
490 3545 590 3598 hahent

66 3619 197 3734 putaque:
217 3629 287 3664 uuus
304 3613 430 3679 orestis,
454 3613 499 3682 qui
518 3631 589 3684 proc·

78 3683 134 3734 inm
151 3679 201 3732 hoc
219 3689 246 3732 et
264 3681 320 3749 ipse
338 3685 372 3747 6,
388 3689 413 3744 7.
431 3679 589 3751 descripsit,

66 3750 157 3818 posuit
170 3751 366 3816 qrainquaginta.
385 3747 493 3799 variant
509 3748 590 3797 etiam

67 3817 191 3880 Graeci„
211 3816 259 3886 qui
287 3815 404 3884 spatium
431 3831 478 3883 per
506 3813 590 3865 stadia

68 3883 229 3935 metiuntur:
248 3899 311 3932 nam
328 3881 356 3932 in
372 3880 589 3933 plumentum.

69 3969 125 4020 cop.
151 3965 190 4016 19.
208 3947 255 4001 alli
276 3946 353 4000 codd·
375 3955 478 4008 merlave
501 3971 591 4018 epimo-

71 4027 150 4076 rr'aor,
169 4014 217 4067 ulli
235 4023 390 4084 firmarium
407 4013 551 4080 exlrlbent3
564 4015 592 4065 in

69 4083 189 4136 Caesaris
212 4081 373 4152 metaphrasi
390 4082 487 4134 Graeca
510 4089 593 4137 sendra

70 4148 240 4218 rsrrapsixrsroe
260 4149 362 4216 legitur.
384 4149 506 4202 Ceterum
530 4150 594 4200 tiro·

70 4235 134 4270 num
146 4235 237 4269 caussa
249 4213 327 4268 liceat
340 4233 444 4268 mouere
452 4251 461 4283 ,
479 4215 594 4267 stadium

71 4294 187 4336 roustarc
209 4287 254 4333 125
273 4283 406 4354 passibus,
422 4291 448 4334 et
466 4293 526 4336 octo
543 4291 594 4334 sta-

72 4351 113 4403 dia
142 4349 245 4404 efficere
271 4365 355 4402 unum
373 4351 474 4402 miliare
499 4349 595 4401 Roma·

72 4435 154 4484 urim,
177 4419 235 4470 sira
250 4417 313 4470 mile
334 4435 434 4489 passus.
456 4417 491 4468 hl.
515 4417 594 4468 hien-

655 3470 719 3530 dum
754 3475 871 3530 suboluit
902 3468 1095 3541 Hotomanus,
1132 3471 1178 3545 qul

656 3543 772 3598 sustulit.

688 3621 904 3741 rcpcrpetruptilta
917 3620 996 3675 ¹codd.
1015 3619 1067 3674 Sed
1083 3617 1175 3690 vulgo,

654 3705 789 3760 petrem.
839 3729 845 3741 .
925 3699 931 3712 ’

690 3771 723 3822 ab
738 3772 814 3821 dorso
829 3777 910 3822 seorim
925 3769 1057 3820 duxerat.
1076 3763 1181 3818 lncerta

657 3837 736 3892 lectio
753 3847 801 3889 est.
822 3836 900 3898 Alii,
917 3853 993 3906 quom
1009 3835 1084 3885 domo
1101 3849 1182 3883 secum

657 3909 788 3958 deserar:
805 3903 872 3970 alii,
889 3905 967 3973 (μά.
986 3919 1007 3952 s.
1025 3902 1116 3951 edum:
1134 3897 1181 3951 alii

658 3987 735 4043 quom
751 3973 782 4022 ab
809 3974 835 4024 d.
852 3991 873 4022 a.
891 3971 929 4020 ed.
947 3967 990 4020 vcl
1006 3968 1088 4018 dua:
1113 3966 1180 4034 atii,

658 4059 736 4110 quam
751 4041 776 4090 d.
795 4056 816 4091 r.
833 4039 928 4090 adam.
946 4038 985 4087 M.

693 4131 816 4186 utraeque
835 4119 975 4185 perierunt.
999 4113 1044 4168 Sic
1061 4111 1138 4194 codd.
1155 4117 1182 4164 et

661 4179 719 4239 edd.
737 4193 789 4238 vet.
806 4183 893 4251 Vulgo
909 4194 1019 4251 utraque
1032 4193 1118 4252 penu.

694 4279 775 4331 hortis
792 4281 906 4347 equitatu
920 4287 1116 4344 persequentem.
1142 4271 1183 4324 lu

662 4341 767 4419 probati
789 4343 891 4398 codices
909 4352 935 4394 et
952 4341 1008 4396 cdl
1031 4341 1115 4409 Vulgo
1133 4337 1181 4392 to·

661 4420 736 4466 stium
752 4419 891 4484 equitatum
906 4421 1105 4480 persequentem.

171 4515 329 4594 Caussa.
356 4517 551 4592 comment.
602 4515 710 4586 Tum.
737 4515 767 4586 l.
945 4509 982 4582 H
