3000 5268
371 417 451 477 nn.
484 419 524 478 v.
558 419 651 478 oar.
688 382 831 479 8-11.
1075 401 1164 514 149

53 621 103 712 Q.
131 616 280 694 Atrium
307 618 498 717 praefecit.
548 621 656 720 lpse,
681 627 798 695 noctu
824 643 1039 720 progressus
1064 617 1169 692 milia

55 757 232 832 passuum
251 733 399 806 circiter
416 735 506 824 Xll,
524 734 688 810 bostium
706 745 831 832 copias
848 736 1085 834 conspicatus
1099 738 1169 806 est.
1189 779 1192 786 ·

52 849 130 935 lili,
157 850 329 945 equitatu
355 854 467 946 atque
494 849 627 923 essedis
654 849 701 922 ad
728 849 866 922 flumen
894 849 1094 946 progressi,
1121 867 1169 920 ex

50 959 136 1032 loco
162 963 350 1060 superiore
376 970 522 1036 nostros
549 963 743 1063 probibere
777 969 815 1036 et
851 961 1033 1060 proelium
1060 983 1169 1033 com-

51 1081 446 1176 mitterecoeperunt.
471 1079 623 1178 Repulsi
649 1079 917 1178 abequitatu,
941 1102 980 1150 se
998 1079 1035 1149 in
1054 1077 1169 1150 silvas

52 1193 293 1282 abdiderunt,
318 1191 444 1266 locum
472 1199 571 1269 nacti
599 1197 744 1295 egregie
771 1199 813 1290 et
837 1201 972 1268 natura
997 1201 1037 1266 et
1054 1218 1167 1294 opere

51 1311 260 1399 munitum,
279 1333 390 1408 quern
409 1309 602 1384 domestici
623 1311 707 1382 belli
721 1365 732 1399 ,
747 1315 792 1382 ut
807 1309 1020 1402 videbatur,
1035 1335 1168 1386 caussa

51 1425 126 1494 inm
143 1430 229 1496 ante
248 1434 580 1522 praeparaverant:
600 1449 687 1499 narn
708 1425 846 1498 crebris
865 1427 1059 1497 arboribus
1078 1451 1168 1499 suo-

53 1538 134 1610 cisis
160 1561 290 1612 omnes
314 1541 492 1613 introitus
519 1547 626 1614 erant
651 1537 846 1640 praeclusi.
893 1539 965 1636 ipsi
992 1561 1043 1612 ex
1065 1539 1167 1614 silvis

50 1653 120 1722 rari
148 1653 463 1750 propugnabant,
487 1661 707 1753 nostrosque
733 1656 832 1728 intro
857 1653 1084 1727 munitiones
1110 1657 1165 1726 in-

53 1764 152 1862 gredi
165 1857 169 1864 Ι
179 1767 440 1864 prohibebant.
474 1770 526 1842 At
543 1769 680 1844 milites
697 1767 960 1872 legionis'Vll,
978 1766 1168 1840 testudine

53 1881 151 1955 facta
178 1889 218 1957 et
244 1907 377 1984 aggere
403 1884 450 1958 ad
476 1887 703 1960 munitiones
728 1885 900 1970 adiecto,
939 1883 1065 1956 locum
1101 1907 1168 1956 ce·

54 2005 188 2095 perunt
215 2023 350 2098 eosque
377 2023 423 2074 ex
449 2002 549 2074 silvis
574 2001 823 2102 expulerunt,
849 1999 979 2098 paucis
1005 1999 1169 2075 vulneri..

54 2110 121 2184 bus
147 2117 323 2212 acceptis.
349 2115 422 2189 Sed
448 2141 510 2189 eos
534 2117 719 2216 fugientes
745 2116 890 2212 longius
916 2113 1051 2187 Caesar
1082 2096 1167 2212 pr‘o-

57 2227 156 2322 sequi
183 2229 326 2318 vetuit,
351 2235 391 2302 et
415 2230 517 2328 quod
542 2231 614 2304 loci
649 2237 823 2304 naturam
864 2227 1088 2330 ignorabat,
1126 2235 1190 2338 er,

57 2342 179 2437 quod,
206 2365 341 2442 magna
368 2355 475 2444 parte
502 2347 573 2420 diei
608 2351 832 2436 consumta,
870 2346 1069 2422 munitioni
1103 2371 1167 2418 ca·

58 2463 216 2532 strorum
243 2466 391 2560 tempus
416 2461 572 2560 relinqui
601 2461 762 2540 volebat

108 2602 163 2650 10.
177 2575 360 2652 Postridie
375 2578 452 2652 eius
467 2579 550 2668 diei,
564 2602 686 2663 mane,
703 2579 893 2679 tripartito
911 2577 1047 2652 milites
1061 2573 1170 2676 equi*

57 2693 180 2786 tesque
206 2691 255 2762 in*
271 2691 544 2790 expeditionem
571 2695 698 2784 misit,
726 2700 770 2766 ut
795 2715 879 2781 eos,
896 2695 960 2789 qui
980 2692 1171 2790 ingerant,

57 2813 373 2904 persequerentur.
398 2809 483 2906 ,His
509 2807 743 2906 aliquantum
770 2809 913 2890 itineris
939 2811 1168 2908 progressis,

59 2945 168 3018 quum
194 2925 272 2998 iam
298 2925 455 3000 extremi
491 2932 614 3000 essent
646 2928 686 3000 in
711 2931 944 3024 prospectu,
968 2927 1117 3030 ,equites
1143 2953 1166 2999 a

59 3039 101 3131 Q.
126 3041 233 3115 Atrio
261 3039 306 3114 ad
334 3041 531 3122 Caesarem
564 3048 774 3133 venerunt,
813 3043 1168 3139 quixnonciarent,

58 3155 249 3255 superiore·
266 3159 397 3245 nocte,
423 3155 587 3230 maxir'na
612 3163 743 3232 coorta
769 3161 994 3256 tempestate
1013 3209 1039 3244 ‚.
1051 3179 1167 3253 prope

58 3289 180 3343 omnes
207 3293 322 3343 naves
349 3267 519 3344 adflictas
545 3278 657 3370 atque
683 3275 720 3346 in
748 3271 857 3344 litore
891 3274 1028 3346 eiectas
1063 3296 1167 3358 emer

59 3385 152 3480 quod
177 3409 299 3484 neque
326 3401 485 3460 ancorae
523 3387 702 3486 funesque
743 3386 1010 3470 subsisterent,
1047 3409 1168 3483 neque

59 3507 186 3576 nautae
204 3503 543 3602 gubernatoresque
559 3505 636 3576 vim
654 3503 732 3602 pati
748 3503 981 3600 tempestatis
997 3509 1168 3600 possenti

59 3613 177 3716 itaque
203 3643 250 3692 ex
277 3643 321 3692 eo
348 3643 534 3694 concursu
560 3620 716 3704 navium
732 3643 911 3719 magnum
931 3644 1008 3694 esse
1027 3619 1169 3696 incom-

59 3735 209 3810 modum
239 3742 452 3834 acceptum.

110 3874 167 3924 11.
205 3851 274 3925 llis
312 3851 423 3923 rebus
464 3850 643 3950 cognitis,
669 3852 804 3926 Caesar
829 3849 992 3954 legiones
1019 3851 1168 3950 equita-

62 3971 211 4066 tumque
237 3969 405 4054 revocari
432 3975 546 4065 atque
571 3968 703 4042 itinere
730 3967 904 4045 desistere
930 3968 1055 4057 iubet3
1091 3969 1169 4078 ipss
1249 4045 1252 4052 ,

90 4251 311 4326 proseqrriyerutr.
329 4247 415 4327 Volgo
429 4253 574 4330 prrrequr's
679 4254 707 4304 tn
720 4261 862 4328 prospectas.
896 4249 939 4306 Sic
954 4247 1013 4304 cod.
1030 4249 1118 4306 Oxou.
1141 4257 1170 4308 et

65 4313 199 4426 humilima
211 4333 230 4365 r.
248 4335 274 4433 el..
284 4315 394 4436 ppdrtcs.
411 4315 498 4442 iim
511 4326 581 4437 {ugit
647 4315 708 4398 odd.
724 4336 819 4436 parrae.
836 4315 922 4400 yulgo
938 4331 1076 4438 agrippam.
1100 4383 1125 4438 A

65 4395 297 4522 §lilibedrbrMpib
314 4393 521 4528 liibitilaeiirin.
538 4401 581 4508 firi
647 4398 996 4520 4‚“d73l⁰teeteileoiisalitori·c
1036 4404 1083 4455 ng.
1125 4399 1169 4440 a
