3040 5264
346 319 426 416 ius.
460 333 521 414 1v.'
549 354 641 415 cae.
680 322 854 447 33-37.
909 459 912 466 Δ
1071 319 1157 450 139

56 563 129 634 tum
157 580 267 632 cursu
297 561 335 631 et
362 559 503 630 viribus
531 557 676 630 efficere
704 561 928 656 potuerunt,
951 555 1162 654 complures
1205 525 1217 548 ⁰

55 675 155 744 exiis
177 671 408 758 occiderunt;
429 672 580 760 deinde,
598 673 771 743 omnibus
797 671 905 769 longe
932 670 1080 770 lateque
1099 671 1162 744 ad·

54 784 157 860 llictis
183 787 435 882 incensisque,
462 811 500 858 sc
527 788 564 857 in
593 791 714 859 castra
742 788 976 880 receperunt.

101 903 158 976 36.
184 901 325 976 Eodem
355 903 413 976 uie
440 903 573 1002 legali,
600 902 646 974 ab
674 901 842 974 hostibus
869 900 968 971 missi
996 897 1041 970 ad
1068 901 1163 972 Cae·
1245 915 1248 932 ¹

54 1041 166 1088 sarem
196 1015 241 1088 de
269 1041 375 1114 pace,
402 1022 598 1089 venerunt.
624 1017 692 1088 His
718 1016 854 1088 Caesar
881 1035 1078 1084 numerum
1099 1014 1163 1084 ob-

54 1135 169 1204 sidum
182 1188 192 1222 ,
206 1157 317 1230 quem
335 1139 443 1207 antea
458 1133 728 1230 imperaverat,
746 1131 953 1230 duplicavit
972 1155 1107 1227 eosque
1127 1133 1163 1202 in

55 1253 302 1322 continentem
319 1249 451 1321 adduci
468 1249 572 1322 lussit
586 1303 596 1338 ,
609 1249 728 1346 quod,
745 1249 950 1348 propinqua
967 1248 1024 1320 die
1041 1251 1166 1345 aequi·

55 1363 190 1452 noctii‚
217 1361 370 1434 intirmis
397 1365 571 1452 navibuS,
598 1365 708 1436 hiemi
744 1363 1021 1460 navigationem
1049 1363 1165 1433 subii-

56 1479 220 1552 ciendam
238 1503 311 1550 non
327 1480 579 1572 existimabat.
596 1481 697 1578 lpse,
712 1479 885 1552 idoneam
901 1483 1164 1580 tempestatem

57 1603 202 1684 nactus,
218 1595 342 1694 paullo
357 1602 441 1696 post
455 1595 615 1668 mediam
631 1601 781 1668 noctem
796 1617 909 1668 naves
927 1594 1055 1686 solvit,
1070 1619 1165 1692 quac

58 1733 180 1782 omncs
199 1709 402 1781 incolumes
418 1709 463 1782 ad
479 1711 733 1783 continentem
754 1713 1023 1808 pervenerunt3
1038 1707 1101 1780 sed
1119 1731 1167 1781 ex

59 1825 109 1896 lris
127 1827 315 1898 onerariae
335 1825 428 1897 duae
448 1825 616 1910 eosdem,
637 1849 730 1923 quos
753 1825 937 1922 reliquae,
958 1831 1168 1930 portus'ca·

58 1967 138 2040 pere
167 1965 242 2014 non
270 1949 474 2040 potuerunt
501 1949 538 2014 et
566 1941 689 2040 paullo
715 1942 812 2014 infra
840 1941 981 2014 delatae
1009 1948 1108 2015 sunt.

106 2057 166 2148 37.
194 2057 338 2148 Quibus
364 2081 411 2128 ex
438 2057 596 2129 navibus
623 2080 739 2154 quum
768 2062 890 2128 essent
916 2057 1072 2153 expositi
1101 2056 1169 2127 mi·

58 2169 136 2244 lites
167 2175 318 2263 circiter
350 2173 462 2262 CCC,
498 2179 609 2270 atque
644 2175 681 2245 in
720 2177 841 2245 castra
877 2171 1167 2264 contenderent,

59 2286 212 2374 Morini,
232 2309 326 2382 quos
342 2287 498 2376 Caesar,
515 2287 552 2359 iu
573 2287 803 2358 Britanniam
833 2285 1086 2383 proficiscens,
1105 2311 1167 2383 pa·

59 2408 159 2472 catos
200 2400 424 2497 reliquerat,
458 2425 520 2500 spe
554 2401 709 2500 praedae
744 2399 918 2486 adducti,
945 2399 1063 2496 prlmo
1091 2423 1164 2471 non

57 2511 103 2584 ita
120 2537 255 2614 magno
270 2539 424 2588 suorum
439 2505 594 2588 numero
609 2519 952 2600 circumsteterunt,
966 2537 1026 2602 ac,
1041 2513 1071 2584 si
1086 2537 1164 2586 sese

58 2629 213 2702 interfici
241 2629 402 2722 nollent,
428 2657 531 2704 arma
558 2657 694 2730 ponere
721 2636 917 2705 iusserunt.
964 2635 1090 2724 Quum
1117 2631 1168 2704 illi

55 2747 141 2828 orbe
169 2749 271 2820 facto
298 2772 374 2820 sese
408 2747 667 2838 defenderent,
694 2748 863 2822 celeriter
890 2747 936 2820 ad
963 2751 1166 2822 clamorem

54 2861 247 2944 lromiuum
266 2865 416 2938 circiter
434 2863 534 2940 milia
551 2865 602 2936 Vl
623 2871 891 2942 convenerunt.
913 2868 995 2955 Qua
1015 2890 1053 2936 re
1073 2890 1165 2936 nun·

56 2977 171 3064 ciata,
199 2976 334 3050 Caesar
360 3002 508 3050 omnem
535 3002 582 3049 ex
609 2980 739 3050 castris
766 2979 975 3075 equitatum
1003 2981 1077 3050 suis
1105 3003 1169 3062 au·¹

55 3094 140 3164 xilio
169 3095 283 3166 misit.
319 3095 470 3167 lnterim
500 3096 615 3166 nostri
643 3095 778 3166 milites
804 3097 973 3192 inpetum
1003 3097 1167 3168 hostium

56 3209 311 3280 sustinuerunt
339 3215 450 3306 atque
478 3209 635 3307 amplius
662 3211 762 3280 tuuis
789 3215 952 3305 quatuor
970 3210 1168 3282 fortissime

55 3333 319 3424 pugnaverunt
338 3329 396 3411 et,
413 3327 539 3422 paucis
569 3323 783 3398 vulneribus
802 3328 984 3424 acceptis,
1003 3325 1169 3424 complu-

55 3459 109 3508 res
135 3461 182 3513 ex
210 3439 254 3514 iis
281 3438 512 3514 occiderunt.
556 3441 688 3512 Postea
718 3463 806 3511 vero
835 3463 947 3535 quam
977 3440 1168 3536 equitatus

86 3719 148 3787 adst.
166 3722 217 3770 inc.
235 3717 286 3768 Pro
297 3715 339 3770 his
350 3715 428 3786 vulgo
445 3715 581 3785 legebatur
679 3715 759 3768 hieme
776 3735 832 3768 nav.
849 3718 1036 3775 subticendum.
1050 3719 1098 3772 alii
1115 3719 1169 3774 Μο-

56 3785 175 3858 oedtfictis
186 3788 310 3841 tamensis,
323 3794 352 3836 ut
364 3793 390 3835 ct
413 3783 488 3835 ›lurrs
499 3782 579 3835 uss.
645 3787 693 3836 mis
710 3803 768 3834 nov.
785 3786 946 3837 subeundam.

56 3862 130 3922 atquo
147 3855 196 3906 Gr.
216 3851 345 3921 metaphr.
374 3851 515 3902 exsilient:
534 3850 580 3908 sed
822 3902 826 3914 ,
1011 3903 1017 3914 ‚

57 3919 106 3970 inm
123 3919 254 3976 Cellnritm
273 3921 395 3985 monuit,
413 3918 578 3971 Gronovium
679 3901 772 3977 ⁸²⁶lf²
796 3899 844 3954 7¹¹⁸·
870 3911 919 3951 elc-
947 3900 1104 3957 Parllffllam
1127 3899 1169 3954 dd·

56 3985 162 4038 (mm
182 3997 214 4051 4¹
233 3989 257 4036 3·
275 4003 288 4036 e
305 3985 362 4038 cod·
387 3984 487 4036 Aldino
506 3987 580 4036 resti,
646 3975 802 4018 versattvam
819 3966 902 4018 Aldus
920 3978 946 4018 ct
962 3987 1081 4040 sequaces
1108 3977 1169 4040 post

57 4056 149 4113 tuisse,
175 4053 288 4122 aelflictis
314 4056 482 4120 incensisque,
508 4051 579 4126 quod
645 4047 783 4116 Wm'l'um
798 4033 921 4088 Ῑθωνθῐθ·

56 4120 143 4188 ipsum
161 4117 288 4199 Otldfssd·
306 4119 334 4170 ln
356 4120 442 4198 050⁰·
465 4121 520 4170 llis·
539 4137 580 4202 ΟΕ*
681 4142 740 4191 ortu
749 4139 833 4211 suctu.
852 4141 894 4193 Cf.
914 4140 941 4204 ὅ,
959 4141 1001 4195 33.
1020 4151 1046 4197 ct
1063 4139 1168 4196 Sallust·

56 4207 153 4238 currere
171 4187 253 4239 dixit·
267 4187 305 4237 Μ.
324 4187 440 4239 flectuum
457 4187 502 4237 ‹lut
520 4185 539 4235 l.
550 4191 580 4236 l·-
647 4207 700 4278 lug,
720 4225 760 4276 97,

58 4255 88 4302 lt.
104 4255 152 4325 qui
176 4257 215 4306 sic
240 4252 314 4321 legit:
340 4253 480 4304 hominibus
505 4253 581 4320 longo

57 4321 155 4392 lateque
167 4323 281 4392 adflictis
292 4324 435 4390 lucensique
446 4319 580 4392 aedeficiis,
680 4318 791 4384 arnpilr'us
808 4315 888 4368 horis.
906 4315 951 4370 alil
967 4317 1060 4378 horus,
1073 4317 1172 4370 suban-

59 4390 108 4442 lerc
124 4397 155 4442 ut
173 4397 204 4449 5,
227 4404 265 4457 ις.
647 4383 704 4438 dito
721 4403 805 4454 qums.
823 4393 852 4437 ut
870 4389 898 4448 ⁵,
917 4381 957 4436 53.
