3032 5266
379 387 459 449 tin.
494 387 521 446 1.
557 385 650 444 can.
688 347 891 470 [qo-43(
1040 467 1045 482 Ι
1082 349 1173 479 397

79 615 141 674 uus
165 589 300 693 proelio
328 589 590 678 dimicaretur,
616 588 662 660 ab
688 581 824 662 inlimis
850 586 1040 660 radicibus
1067 612 1180 662 mon·
1248 647 1280 685 ,

79 713 142 795 tis,
163 707 378 782 intermissis
405 706 555 780 circiter
581 705 748 803 passibus
774 703 1078 802 quadringentis,
1114 731 1196 842 ca23¹

78 834 150 900 stra
174 823 294 898 iacere
320 821 536 896 constituit:
563 828 621 908 et,
641 843 686 893 ne
703 821 741 892 ib
759 845 869 919 opere
889 821 1062 894 faciundo
1086 806 1184 896 mili·

79 951 130 1018 tes
153 915 346 1038 repentino
373 937 574 1012 hostium
563 961 716 1010 incursu
755 944 1035 1012 exterrerentur
1066 949 1181 1037 atque

77 1083 179 1158 opere
205 1053 516 1155 prohiberentur,
538 1050 637 1126 vallo
655 1052 791 1130 muniri
811 1055 954 1144 vetent,
973 1056 1073 1152 quod
1092 1060 1183 1132 emi.

76 1195 158 1246 nere
183 1175 222 1243 et
249 1163 379 1268 procul
407 1166 524 1240 videri
542 1191 691 1240 necesse
711 1175 811 1255 erat;
834 1168 895 1241 sed
915 1195 936 1242 a
955 1167 1077 1243 fronte
1097 1195 1183 1245 corr·

76 1292 133 1358 tra
169 1283 315 1358 hostem
348 1279 485 1382 pedum
518 1280 731 1380 quindecim
772 1282 907 1356 fossam
948 1283 1027 1356 fieri
1061 1285 1198 1380 iussit.¹

75 1401 195 1476 Prima
221 1403 261 1473 et
286 1399 450 1472 secunda
476 1399 573 1470 acies
599 1399 637 1470 in
664 1399 802 1488 armis,
830 1407 873 1472 ut
899 1399 958 1472 abi
981 1401 1075 1474 nitio
1094 1427 1183 1474 con·
1219 1391 1223 1396 ¹

76 1521 204 1592 stituta
232 1521 337 1606 erat,
367 1514 627 1612 permanebat.
654 1520 740 1613 pust
766 1514 833 1587 hos
864 1541 957 1614 opus
976 1519 1014 1590 in
1032 1519 1183 1592 occulto

75 1633 233 1711 atertia
260 1633 339 1704 acie
365 1629 490 1703 fiebat.
517 1630 578 1701 Sic
606 1653 715 1702 umiae
741 1631 843 1729 prius
870 1639 926 1703 est
952 1631 1183 1730 perlectum,

73 1775 185 1848 quam
212 1747 490 1846 intellegeretur
517 1743 564 1818 ab
591 1745 773 1837 Afranio,
799 1755 921 1822 castra
956 1750 1106 1822 muniri.

123 1868 185 1952 42.
211 1861 290 1938 Sub
316 1883 512 1960 vesperum
531 1860 667 1934 Caesar
687 1863 786 1934 intra
805 1861 901 1934 banc
920 1861 1055 1934 fossam
1075 1862 1187 1962 legio·

72 2001 135 2050 nes
160 1975 312 2050 reducit
338 1982 451 2073 atque
477 1975 528 2050 ibi
556 1973 625 2048 sub
645 1977 756 2047 armis
775 1978 944 2073 proxima
963 1983 1073 2048 nocte
1092 2001 1187 2048 con·-

73 2095 244 2192 quiescit.
270 2095 424 2166 Postero
451 2089 509 2164 die
537 2115 685 2164 omnem
704 2093 910 2164 exercitum
929 2095 1027 2165 intra
1046 2091 1183 2166 fossam

72 2210 245 2281 continet
270 2213 327 2296 et,
353 2205 453 2304 quod
480 2203 624 2304 longius
650 2211 730 2280 erat
757 2229 869 2339 agger
903 2205 1157 2304 petendus,
1147 2233 1186 2280 m

70 2316 285 2425 praesentia
310 2321 468 2397 similem
482 2309 678 2403 rationem
703 2324 821 2422 operis
851 2325 1032 2411 instituit,
1063 2326 1187 2426 singu

70 2444 182 2543 laque
209 2441 330 2516 latera
356 2445 565 2512 castrorum
591 2441 743 2539 singulis
775 2439 956 2515 adtribuit
981 2441 1187 2542 legionibus

66 2555 278 2632 munienda
304 2555 491 2651 fossasque
518 2553 564 2626 ad
591 2555 760 2628 eamdem
785 2555 1080 2655 magnitudinem
1108 2581 1189 2656 per-

66 2671 127 2750 fici
154 2672 287 2744 iubet:
313 2668 473 2766 reliquas
498 2667 660 2768 legiones
685 2671 724 2742 in
751 2672 862 2742 armis
890 2669 1080 2769 expeditas
1101 2695 1190 2743 cun·

64 2792 125 2858 tra
153 2786 308 2858 hostem
335 2784 540 2858 constituit.
557 2784 729 2858 Afranius
747 2785 1007 2882 Petreiusque,
1026 2783 1190 2862 terrendi
1273 2769 1276 2774 ¹

62 2927 203 2978 caussa
232 2906 346 2998 atque
374 2903 493 2999 operis
521 2901 756 2999 inpediendi,
782 2905 905 3002 copias
931 2927 1017 2975 suas
1053 2903 1098 2974 ad
1126 2903 1191 2972 in·-

62 3017 174 3092 srmas
201 3019 349 3090 mtintis
375 3017 516 3088 radices
544 3018 756 3113 producunt
778 3025 817 3090 et
835 3017 973 3115 proelio
993 3017 1191 3093 lacessunt·

59 3133 203 3233 Neque
226 3133 370 3205 ideirco
388 3134 523 3206 Caesar
541 3156 633 3230 opus
652 3133 888 3217 intermittit,
908 3134 1068 3205 confisus
1087 3157 1192 3231 prae·

59 3253 161 3326 sidio
190 3233 389 3357 legionum
415 3251 529 3323 trium
557 3257 595 3321 et
623 3251 827 3321 munitione
855 3249 983 3321 fossae.
1033 3249 1089 3322 llli
1118 3273 1192 3320 non

57 3365 128 3440 diu
159 3365 421 3453 commorati,
456 3359 525 3436 ne'c
566 3362 711 3464 longius
747 3365 793 3436 ab
827 3364 957 3434 infimo
984 3361 1077 3440 colle
1104 3385 1193 3460 pro-

52 3485 206 3583 gressi,
241 3475 367 3578 copius
394 3483 433 3553 in
459 3485 582 3554 castra
608 3481 807 3554 reducunt.
833 3483 961 3554 Tertio
984 3481 1040 3552 die
1058 3481 1194 3554 Caesar

54 3597 168 3670 vallo
200 3601 334 3670 castra
359 3597 589 3668 communit:
617 3596 776 3692 reliquas
802 3595 998 3684 cohortes,
1038 3618 1129 3690 quas
1154 3595 1194 3666 in

51 3709 332 3812 superioribus
359 3710 489 3782 castris
528 3709 754 3808 reliquerat,
786 3707 1110 3810 inpedimentaquc
1146 3704 1194 3790 ad
1229 3737 1234 3756 ι

51 3856 93 3904 se
124 3826 339 3904 transduci
366 3827 483 3902 iubet.

103 3947 178 4044 43.
213 3947 313 4020 Erat
337 3945 434 4018 inter
460 3943 638 4043 oppidum
655 3942 813 4018 Ilerdam
831 3947 870 4016 et
886 3939 1100 4044 proximum
1119 3937 1198 4022 col«

80 4247 99 4282 a
120 4229 221 4280 amia
252 4221 417 4294 attestatas.
469 4219 607 4276 Aliiaoieo
708 4195 878 4272 itmhkmrat
871 4223 991 4340 ggqis,
983 4225 1198 4290 ,qtumssertt

40 4301 132 4356 ιιι-αα
144 4295 219 4370 siam
192 4290 296 4342 aenae
675 4305 779 4360 superio
756 4287 877 4340 ior.odie

707 4355 922 4424 imperiorum
938 4359 1041 4412 castris
1067 4353 1121 4408 vid.
1138 4369 1196 4430 cap.

77 4433 105 4482 le
90 4437 215 4503 egiones
235 4421 347 4478 ndacii.
366 4421 409 4476 Al
425 4419 530 4474 daloait.
676 4433 716 4486 4¹·
734 4423 778 4475 M.
