3060 5276
364 431 443 490 tro.
480 431 522 490 11.
558 431 650 492 cnr.
690 400 865 519 32-34.
963 413 969 428 '
1070 401 1164 522 465

43 637 248 734 potestas,
287 629 429 731 proelio
473 633 553 706 r'em
597 635 847 712 committere.
908 633 1065 712 Postero
1110 623 1169 718 die

39 747 280 848 productos,
323 747 456 823 eodem
489 747 601 838 loco,
633 771 709 847 quo
750 750 1003 850 superioribus
1037 753 1169 846 diebus

44 863 303 953 constiterat,
341 861 380 938 in
420 862 499 939 acie
525 861 729 942 conlocat:
770 888 816 938 ne
850 867 973 940 Varus
1014 867 1168 965 quidem

43 981 178 1056 Attius
216 979 371 1058 dubitet
401 981 529 1080 copiae
566 983 797 1082 producere,
831 985 909 1063 eive
944 985 1169 1062 sollicitandi

42 1093 187 1172 militer
206 1127 223 1184 ,·
256 1097 337 1171 sive
364 1115 483 1195 aequo
509 1096 593 1174 loco
620 1097 820 1180 dimicandi
846 1098 957 1178 detur
983 1103 1168 1192 occasio,

44 1231 96 1284 ne
124 1208 346 1292 facultatem
374 1215 664 1311 praetermittat.

101 1319 162 1416 34.
189 1321 287 1399 Erat
315 1325 421 1400 vallis
455 1328 554 1402 inter
587 1329 679 1402 duas
710 1329 833 1420 acies,
873 1332 917 1408 ot
949 1353 1062 1429 supra
1099 1329 1168 1402 de·-

43 1445 414 1531 monstraturum,
441 1466 515 1518 uon
541 1443 595 1522 lte
621 1465 781 1546 magna,
809 1451 848 1520 at
875 1439 1015 1522 difficili
1043 1449 1081 1520 et
1108 1471 1168 1518 ar·

48 1549 128 1632 duo
147 1553 342 1636 adscensu·
366 1555 475 1636 Hanc
495 1563 652 1656 uterque
670 1563 698 1632 si
720 1559 1167 1658 adversariorumcopiac

45 1672 207 1748 nansire
225 1679 477 1763 conarentur,
495 1675 760 1774 exspectabat,
783 1697 859 1772 quo
885 1676 1060 1774 aequiore
1078 1675 1167 1750 loeo

45 1785 232 1886 proelium
259 1789 527 1870 committeret.
579 1789 699 1866 Simul
725 1790 772 1867 eb
798 1790 949 1864 sinistro
975 1815 1094 1866 corno
1119 1792 1164 1864 P.

47 1903 149 1982 Attii
177 1904 368 2002 equitatus
393 1905 544 1994 omnis,
579 1911 618 1978 et
645 1927 719 1986 uns
744 1903 839 1986 levir‘
869 1911 1083 1982 armaturae
1110 1905 1171 1978 io·-

48 2018 202 2092 tcriecti
229 2017 466 2118 complures,
493 2043 610 2117 quom
636 2044 674 2094 se
692 2021 729 2096 in
749 2019 885 2096 vallem
906 2019 1170 2109 demitterent,

49 2131 314 2210 cernebantur.
341 2133 400 2214 Ad
426 2158 489 2214 eos
515 2133 630 2208 Curio
657 2135 868 2234 equitatum
896 2139 934 2210 et
952 2132 1045 2206 duas
1070 2133 1172 2206 Mar·

47 2249 271 2324 sucinorum
289 2249 455 2328 cohortis
473 2250 617 2328 mittit:
636 2275 798 2349 quorum
816 2252 979 2350 primurn
997 2251 1169 2350 inpetum

7 2427 8 2430 ,
47 2363 198 2462 equites
222 2359 389 2440 hostium
416 2387 490 2438 non
517 2363 709 2456 tolerunt,
733 2365 818 2455 sed,
844 2364 1012 2440 admissis
1038 2365 1169 2461 equis,

50 2476 102 2552 ed
127 2495 215 2554 euos
241 2478 485 2578 refugeruntr
524 2480 646 2557 relicti
680 2481 726 2564 ah
753 2481 834 2564 tris,
877 2480 941 2578 qui
981 2501 1054 2552 una
1081 2503 1171 2578 pro-

7 2629 8 2642 ¹
52 2599 276 2683 currerent,
303 2595 395 2672 levis
413 2605 625 2672 armaturae
645 2597 1038 2674 circumveniebantur
1055 2601 1170 2692 atque

8 2739 9 2754 ¹
50 2705 378 2788 interficiebantur
393 2713 451 2790 ,ab
479 2715 626 2792 nostris.
652 2713 738 2788 lluc
766 2717 849 2789 tota
873 2713 963 2789 Vari
990 2733 1173 2786 conversa

8 2859 9 2878 ¹
53 2829 156 2903 acies
182 2851 270 2904 suos
296 2829 425 2930 fugere
451 2838 490 2904 et
516 2831 662 2906 concidi
692 2829 856 2905 videbat.
895 2831 994 2910 Tum
1021 2827 1174 2905 ltebilus

52 2946 222 3046 Legatos
255 2945 452 3038 Caesarie,
494 2971 605 3046 quem
646 2947 761 3024 Curio
800 2971 927 3024 secum
962 2971 1010 3022 ex
1049 2945 1176 3022 Sicilia

9 3095 10 3108 ¹
55 3062 237 3153 duxerat,
265 3063 366 3162 quod
392 3085 571 3162 magnum
600 3063 738 3142 habere
766 3086 874 3141 usum
901 3064 1001 3138 iore
1019 3063 1178 3136 militari

55 3175 221 3266 sciebat,
247 3177 506 3268 Parmeno,
532 3179 682 3276 inquit,
708 3178 843 3252 hostem
870 3177 995 3267 vides,
1036 3177 1177 3268 Curio:

55 3289 149 3388 qur'd
171 3289 313 3370 dubitor
339 3298 395 3368 uti
418 3297 586 3390 temporis
612 3292 904 3392 obportuns'tote?
955 3287 1020 3362 lile
1055 3311 1204 3380 unum·

57 3407 262 3497 elocutus,
294 3413 339 3486 ut
373 3411 556 3486 memorie
590 3415 762 3488 tenerent
794 3405 934 3481 milites
967 3429 1037 3494 ea,
1076 3429 1173 3502 quoe

57 3523 179 3624 pridie
205 3524 274 3598 sibi
302 3524 614 3615 confirmassent,
647 3525 750 3623 sequi
777 3548 855 3598 sese
880 3524 986 3596 iubet
1010 3531 1050 3598 et
1075 3547 1180 3622 proe-

59 3643 183 3716 currit
221 3647 310 3716 ante
349 3663 507 3714 omnesr
543 3633 709 3738 adeoque
736 3647 818 3714 eret
851 3639 1016 3738 inpedita
1042 3639 1178 3750 vellist,

59 3763 106 3828 ut
132 3755 171 3830 in
197 3755 406 3844 adscensu,
449 3754 517 3826 nisi
553 3753 738 3836 sublevati
769 3779 795 3828 a
819 3756 919 3847 suis,
953 3753 1064 3856 primi
1104 3777 1180 3831 nou

60 4003 133 4059 liuru
149 4003 333 4065 materen,
350 4017 421 4056 onoc
437 3999 590 4053 constituis·
690 4017 792 4070 magno.
822 3995 892 4066 Lege
909 3995 923 4052 e
941 4017 1000 4072 rep.
1019 4016 1050 4066 27
1067 4017 1091 4050 m
1141 4015 1179 4076 ρ,

60 4092 112 4138 ee,
142 4079 171 4124 ot
195 4071 269 4126 lieret
297 4069 448 4143 proelium,
468 4065 589 4185 Ιἰᾶεοςίξιο
658 4075 689 4122 ut
707 4065 786 4120 multi
803 4075 972 4123 monuerunt.
996 4065 1039 4122 Μ.
1058 4016 1181 4120 Clsaffiur

60 4157 113 4194 suo
131 4155 258 4197 concrum
270 4149 333 4202 tuuc
350 4137 525 4195 constituisse.
567 4155 590 4188 e·
658 4133 726 4188 bene
744 4137 858 4204 recepit,
877 4153 979 4206 sequor.

62 4224 127 4260 rnen
138 4204 223 4257 multo
238 4207 331 4260 melius
342 4206 407 4268 erit,
419 4201 462 4260 vel
472 4221 589 4274 suorum,
691 4227 720 4266 ar
730 4214 842 4288 difficili·
860 4212 930 4272 Mele
942 4213 1018 4282 vulgo
1034 4231 1064 4270 cr
1074 4209 1116 4262 rel
1127 4221 1181 4262 m

61 4273 107 4326 vel
124 4273 213 4352 plum
230 4293 326 4353 mlum
344 4269 445 4342 legem
473 4279 510 4326 ῃ
528 4269 589 4324 ‘dd‘
690 4308 754 4360 levis
770 4320 921 4360 armaturae
937 4304 993 4358 scil.
1012 4301 1120 4356 milites.

60 4341 136 4412 vulg·
153 4357 208 4397 rau
223 4339 373 4399 ediderunt·
390 4339 427 4392 Μ.
1222 4361 1229 4371 ,

100 4425 179 4477 rrspra
195 4408 398 4468 drmowomnr
413 4420 461 4465 err.
477 4423 503 4463 r.
532 4425 590 4479 cup,
689 4406 836 4470 praemere
863 4414 923 4454 onte
950 4417 1048 4454 omnes.
1080 4397 1183 4455 Lucan.

68 4490 113 4540 27·
132 4475 176 4528 Μ.
658 4469 776 4530 l'lmrsul.
795 4481 830 4537 4,
848 4485 906 4537 702.
924 4467 966 4520 Μ.

170 4571 327 4648 CAESAR.
355 4571 550 4646 Commeat.
582 4569 693 4644 Tom.
719 4571 747 4644 Ι.
920 4567 1033 4640 Non
