3026 5264
334 354 338 378 ‘
377 394 470 492 aas

742 429 798 492 DE
833 433 968 492 BELLO
1002 431 1131 494 crvlu

239 678 244 692 ·
271 707 276 720 ,
373 657 449 732 quo
475 632 618 708 facilius
645 633 812 736 inpetum
840 637 1006 714 Caesaris
1033 637 1222 726 tardaret,
1249 659 1292 710 ne
1318 635 1379 709 sub
1397 635 1456 734 ipsa

372 749 603 848 profectione
630 749 766 824 milites
785 753 963 852 oppidum
981 755 1257 852 inrumperent,
1279 757 1395 850 portas
1411 750 1458 822 ob-

372 869 508 956 struit,
535 870 638 941 vicos
665 867 879 968 plateasque
905 869 1137 956 inaedificat,
1164 869 1281 942 fossas
1299 875 1458 942 transver-

372 1009 430 1056 sos
458 983 525 1056 viis
552 981 747 1082 praeducit
772 991 884 1080 atque
909 983 959 1056 ibi
988 977 1098 1060 sudes
1129 985 1344 1084 stipitesque
1374 1009 1459 1082 prae·

371 1103 503 1169 acutos
530 1095 670 1195 deligit.
695 1097 799 1197 Haec
827 1097 970 1171 levibus
999 1099 1166 1192 cratibus
1194 1105 1365 1196 terraque
1381 1099 1458 1169 inae·

371 1215 484 1310 quat;
510 1211 632 1282 aditus
659 1219 786 1284 autem
814 1219 927 1310 atque
953 1215 1088 1286 itinera
1116 1213 1219 1298 duo,
1254 1237 1348 1310 quae
1376 1217 1460 1284 extra

371 1349 524 1398 murum
550 1325 595 1398 ad
624 1333 775 1425 portum
803 1327 993 1416 ferebant,
1015 1329 1190 1399 maximis
1217 1325 1349 1399 defixis
1372 1323 1461 1394 trabi

369 1437 464 1530 bus,
491 1445 604 1538 atque
630 1443 681 1514 eis
709 1444 940 1541 praeacutis,
960 1443 1156 1542 praesepit.
1182 1441 1251 1513 llis
1271 1439 1402 1540 paratis
1417 1461 1462 1508 re·

368 1553 465 1644 bus,
489 1556 625 1628 milites
651 1555 797 1629 silentio
824 1581 939 1630 naves
966 1557 1215 1630 conscendere
1255 1549 1379 1638 iubet3
1412 1575 1461 1622 ex·

368 1671 513 1770 peditus
540 1677 667 1748 autem
694 1698 739 1746 ex
768 1676 957 1764 evocatis,
983 1675 1182 1780 sagittariis
1213 1657 1467 1772 funditoribus·¹

368 1807 441 1884 que
467 1814 571 1861 raros
598 1789 635 1862 in
663 1815 772 1864 muro
799 1791 1039 1888 turribusque
1066 1790 1241 1890 disponit.
1284 1790 1362 1860 Hos
1379 1793 1460 1860 certo

367 1903 473 2001 signo
500 1929 678 1978 revocare
706 1907 926 1996 constituit,
953 1927 1069 2002 quum
1096 1927 1225 1977 omnes
1254 1903 1386 1975 milites
1413 1923 1459 1970 na·

367 2041 435 2092 ves
461 2023 789 2109 conscendissent3
815 2028 929 2120 atque
954 2022 999 2094 iis
1017 2019 1191 2122 expedito
1208 2018 1298 2094 loco
1318 2019 1459 2093 actuaria

282 2203 286 2214 ,
367 2137 515 2233 navigia
544 2137 731 2238 relinquit.

420 2253 480 2323 28.
507 2252 743 2342 Brundisini,
782 2251 1099 2350 Pompeianorum
1137 2246 1305 2367 militurn
1339 2240 1458 2318 iniuriis

228 2363 230 2368 ’
325 2377 328 2382 ’
367 2369 480 2460 atque
512 2367 626 2466 ipsius
650 2367 817 2467 Pompeii
846 2365 1080 2440 contumeliis
1107 2363 1292 2460 permoti,
1316 2357 1457 2433 Caesaris

364 2483 475 2555 rebus
490 2483 690 2568 ‚favebant
718 2487 873 2581 ltaque,
899 2485 1050 2583 cognita
1075 2479 1243 2580 Pompeii
1276 2475 1458 2578 profectio·

364 2623 436 2682 ne,
465 2604 774 2673 concursantibus
800 2599 871 2672 illis
898 2605 1011 2697 atque
1037 2597 1075 2670 in
1102 2621 1145 2669 ea
1184 2621 1225 2668 re
1259 2593 1459 2693 occupatis,

362 2711 478 2809 vulgo
505 2739 551 2784 ex
579 2717 687 2786 tectis
714 2713 1000 2812 significabant:
1028 2737 1094 2812 per
1120 2735 1214 2808 quos
1241 2735 1282 2782 re
1311 2709 1458 2806 cognite,

365 2827 502 2903 Caesar
540 2829 657 2902 scalas
692 2833 812 2928 parari
850 2829 1061 2926 militesque
1101 2827 1240 2900 armari
1276 2827 1402 2908 iubet,
1427 2844 1458 2891 ne

366 2949 480 3042 quam
506 2948 557 3018 rei
586 2946 769 3047 gerendae
796 2943 1016 3018 facultatem
1045 2944 1223 3018 dimittat.
1280 2939 1458 3040 Pompeius

363 3063 432 3135 sub
461 3069 610 3136 noctem
637 3085 751 3135 naves
778 3059 900 3132 solvit.
928 3061 1002 3152 Qui
1030 3065 1136 3132 erant
1164 3060 1201 3130 in
1221 3083 1332 3132 muro
1351 3062 1459 3130 custo-

363 3177 446 3250 diae
475 3201 604 3250 caussa
631 3176 840 3264 eonlocati,
867 3199 912 3246 eo
939 3175 1063 3274 signo,
1090 3173 1190 3271 quod
1226 3176 1459 3254 convenerat,

361 3299 590 3364 revocantur
616 3293 787 3388 notisque
814 3289 1009 3360 itineribus
1036 3289 1083 3360 ad
1109 3311 1225 3390 naves
1260 3286 1456 3358 decurrunt.

346 3411 520 3499 Milites,
547 3401 676 3509 positis
703 3409 836 3494 scalis,
862 3429 991 3478 muros
1018 3401 1268 3492 adscendunt3
1306 3405 1367 3478 sed
1391 3424 1457 3474 mo-

362 3525 430 3596 iriti
459 3551 480 3598 a
507 3525 762 3612 Brundisinis,
789 3529 833 3594 nt
860 3519 1000 3592 vallum
1028 3543 1184 3593 caecum
1211 3519 1395 3614 fossasque
1411 3537 1457 3620 cq-

271 3638 278 3663 '
361 3649 503 3734 veant,
527 3645 737 3716 subsistunt
762 3645 829 3728 et,
852 3637 966 3738 longo
995 3639 1124 3712 itinere
1152 3637 1198 3710 ab
1226 3639 1283 3712 his
1319 3640 1456 3711 circum·

951 3942 991 3991 ²7·
1010 3925 1077 3996 Ergo
1095 3923 1177 3977 babet
1193 3923 1394 3978 similitudinem
1408 3932 1454 3970 cnm

391 3929 548 4002 imadifioat.
566 3929 620 3982 vid.
638 3927 697 3980 lnd.
715 3927 754 3979 Μ.

390 4017 424 4048 ex
440 4001 557 4050 evocatis.
615 3995 723 4067 Respice
740 3993 775 4047 ad
790 3993 882 4066 cap-’s

351 4073 508 4208 &ailredus
526 4131 594 4190 loco,
609 4135 628 4181 'e
645 4149 699 4208 quo
717 4129 805 4208 facile,
823 4129 881 4182 sina

356 4195 570 4333 gqtslrsqqlttatpmet
600 4197 722 4297 periculo¹
749 4195 881 4250 drscedere

357 4349 546 4449 ,nutum
559 4331 799 4459 eludat?
810 4339 880 4468 etz

356 4479 436 4531 quum
453 4465 558 4534 stipites
575 4464 655 4520 defixi
677 4475 761 4517 erant.
784 4465 839 4520 rid.
855 4481 879 4518 c·

949 3993 1036 4054 vallo,
1059 3994 1085 4044 h.
1108 4011 1130 4043 a.
1155 3993 1223 4045 fossa
1245 4003 1273 4044 et
1294 4009 1389 4061 aggere,
1413 3999 1453 4052 qao

948 4071 1032 4118 castra
1050 4071 1097 4112 aut
1114 4077 1149 4128 op
1170 4057 1213 4110 ida
1226 4059 1304 4128 vulgo
1321 4059 1453 4122 cinguntur·
1479 4101 1480 4106 ,

948 4129 991 4209 M.
1011 4129 1115 4180 Festus:
1157 4145 1244 4207 aenam
1258 4127 1354 4206 pultum
1364 4123 1452 4188 daran

947 4181 1452 4332 trtttt'fjttffa‘tttfflttssfltt

947 4329 976 4382 iu
1002 4331 1094 4398 Pomp.
1120 4348 1141 4382 c·
1165 4333 1207 4379 62.
1234 4327 1304 4380 nibil
1326 4327 1356 4378 dc
1379 4318 1450 4393 vallo,

947 4397 1026 4448 modo
1038 4395 1070 4448 rle
1082 4397 1208 4466 stipitibus
1222 4394 1344 4466 loquitur·
1360 4391 1451 4446 Vosffltt

946 4463 1037 4518 mallet
1054 4465 1136 4515 vauca
1151 4481 1246 4516 wreus.
