3026 5264
327 293 419 390 336
688 327 743 390 us
768 325 912 406 ‚uacuo
946 328 1067 392 csta.

322 553 382 606 res
407 531 580 605 civitates
602 531 644 605 in
669 531 781 608 fidem
807 535 968 635 recipit,
993 533 1182 610 obsidibus
1202 533 1352 625 firmat,
1377 533 1435 609 lit·

322 647 486 744 terisque
511 646 554 720 C.
579 645 724 728 Caninii
749 647 871 724 Rebili
896 648 940 724 tit
962 651 1118 739 certior,
1135 671 1230 748 quae
1249 649 1288 722 in
1306 650 1436 722 Picto-

322 760 433 833 nibus
458 764 646 862 gerantur.
674 760 819 856 Quibus
844 762 956 836 rebus
982 763 1161 863 cognitis,
1186 760 1436 862 proficiscitur

323 871 372 946 ad
397 871 579 946 auxilium
605 873 765 948 Duratio
791 875 996 978 ferendum.
1032 879 1084 951 at
1108 877 1348 964 Dumnacus,
1374 873 1438 946 ad·

323 995 443 1068 uentu
468 987 573 1062 Fabii
612 992 791 1094 cognito,
830 990 1026 1090 desperata
1064 991 1208 1082 salute,
1246 993 1278 1063 si
1305 989 1439 1064 eodem

323 1113 494 1206 ternpore
521 1111 677 1179 coactus
704 1113 801 1180 esset
825 1114 866 1182 et
890 1109 1104 1184 Romanum
1143 1115 1342 1184 externum
1375 1131 1440 1180 su-

325 1225 461 1296 stinere
495 1221 643 1296 hostem
676 1228 716 1295 et
750 1223 934 1322 respicere
959 1249 1004 1298 ac
1031 1227 1163 1298 timere
1203 1223 1438 1324 oppidanos,

323 1343 477 1439 repente
515 1359 561 1409 eo
600 1359 647 1410 ex
684 1335 768 1410 loco
808 1361 897 1410 cum
936 1340 1052 1438 copiis
1090 1337 1262 1412 recedit:
1297 1362 1368 1410 nec
1404 1363 1441 1410 se

325 1453 416 1526 satis
439 1457 570 1526 tutum
596 1451 674 1524 fore
701 1451 932 1542 arbitratur,
966 1453 1035 1526 nisi
1069 1450 1207 1525 flumen
1246 1451 1442 1549 Ligerim,

326 1564 523 1662 quoderat
543 1570 655 1663 ponte
673 1571 827 1665 propter
843 1566 1139 1670 magnitudinem
1159 1563 1442 1654 transeundum,

328 1681 453 1782 copias
478 1679 762 1754 transduxisset.
780 1666 948 1769 Fabius,
975 1683 1045 1756 etsi
1072 1681 1238 1756 nondum
1276 1681 1315 1753 in
1354 1707 1442 1754 con·

328 1805 498 1900 spectum
526 1804 681 1872 venerat
707 1797 900 1888 hostibus,
939 1824 1058 1900 neque
1097 1823 1135 1872 se
1170 1823 1257 1872 cum
1283 1797 1438 1872 Caninio

330 1918 604 2007 coniunxerat,
628 1923 755 1992 tamen
782 1916 916 1992 doctus
942 1919 989 1992 ab
1015 1919 1081 2008 iis,
1106 1919 1170 2016 qui
1187 1917 1361 1992 locorum
1380 1943 1441 1990 no-

329 2036 463 2124 verant
488 2035 688 2119 naturam,
714 2032 950 2130 potissimum
977 2031 1162 2121 credidit,
1200 2032 1328 2106 hostes
1363 2057 1440 2131 per-

330 2149 482 2222 territos
499 2170 587 2219 eum
603 2145 749 2238 locum,
767 2171 880 2246 quem
899 2149 1069 2247 petebat,
1088 2149 1283 2247 petituros.
1309 2149 1441 2244 ltaque

332 2291 421 2342 cum
460 2266 576 2365 copiis
615 2265 662 2338 ad
702 2265 875 2338 eumdem
902 2273 1056 2366 pontem
1082 2267 1302 2360 contendit,
1342 2267 1442 2364 equi·

330 2389 530 2481 totumque
568 2389 719 2455 tantum
757 2379 958 2479 procedere
992 2385 1079 2454 ante
1115 2403 1249 2480 agmen
1282 2381 1442 2480 imperat
1496 2405 1497 2466 ξ

333 2493 549 2596 legionum,
589 2501 773 2594 quantum
813 2518 929 2594 quum
968 2495 1232 2595 processisset,
1272 2495 1351 2566 sine
1384 2493 1441 2566 de·

335 2614 553 2712 fatigatione
584 2636 766 2711 equorum
792 2611 830 2684 iu
856 2609 988 2684 eadem
1021 2635 1059 2684 se
1094 2613 1278 2710 reciperet
1308 2617 1446 2686 castra.

336 2729 625 2828 Consequuntur
651 2729 794 2826 equites
821 2728 963 2816 nostri,
990 2731 1034 2798 ut
1058 2733 1140 2798 erat
1178 2729 1446 2824 praeceptum,

336 2839 596 2940 invaduntque
629 2841 815 2914 Dumnaci
842 2865 975 2942 agmen
1002 2846 1064 2930 et,
1089 2839 1273 2938 fugientes
1309 2847 1448 2940 perter·

336 2959 503 3054 ritosque
541 2957 610 3028 sub
644 2957 798 3030 sarcinis
835 2956 876 3028 in
914 2956 1046 3029 itinere
1085 2953 1274 3054 adgressi,
1311 2978 1449 3055 magna

337 3069 499 3172 praeda,
523 3069 651 3144 multis
676 3071 910 3160 interfectis,
934 3071 1143 3171 potiuntur.
1182 3070 1261 3154 lta,
1288 3091 1329 3140 re
1355 3068 1450 3142 hene
1496 3059 1497 3064 ¹

340 3191 470 3287 gesta,
495 3209 534 3258 se
560 3185 746 3286 recipiunt
770 3187 810 3260 in
836 3191 973 3260 castra.

392 3305 452 3378 28.
479 3305 691 3402 insequenti
718 3309 829 3376 nocte
860 3301 997 3376 Fabius
1030 3301 1174 3398 equites
1213 3299 1452 3398 praemittit,

341 3423 394 3495 sic
421 3430 588 3520 paratos,
619 3427 663 3494 ut
693 3417 934 3518 confligerent
959 3415 1070 3517 atqua
1089 3443 1199 3492 omne
1217 3441 1353 3518 agmen
1373 3439 1454 3488 rno-
1496 3465 1497 3476 κ

341 3539 534 3622 rarentur,
558 3534 649 3608 dum
674 3541 965 3632 consequeretur
989 3535 1080 3632 ipse.
1114 3531 1230 3606 Cuius
1247 3523 1453 3632 praeceptis

342 3654 387 3720 ut
413 3671 471 3720 res
497 3655 713 3746 gereretur,
739 3651 786 3741 Q.
812 3650 921 3722 Atius
951 3651 1073 3721 Varus
1111 3647 1326 3720 Praefectus
1353 3645 1453 3741 equi·

342 3769 452 3855 tum,
478 3763 671 3864 singularis
710 3769 748 3838 et
786 3765 900 3837 animi
935 3769 974 3837 et
1007 3761 1225 3863 prudentiae
1251 3762 1340 3848 vir,
1369 3785 1452 3836 suos

369 4033 482 4106 sumar,
500 4040 534 4086 ut
547 4033 577 4086 in
599 4031 649 4086 tide
670 4037 794 4084 meant
814 4031 867 4084 effi·
932 4029 1003 4083 Vide
1020 4037 1076 4082 not.
1092 4029 1126 4082 ad
1143 4047 1166 4082 c.
1183 4033 1207 4084 8.
1226 4035 1284 4080 tum
1300 4046 1350 4100 pro
1378 4027 1454 4080 torn-

345 4102 388 4152 cit.
414 4101 458 4152 M.
932 4099 977 4150 dur
994 4097 1040 4150 alii
1057 4097 1153 4158 hostes,
1170 4094 1289 4148 torrium.

377 4168 412 4226 ed
429 4167 560 4220 written
585 4166 642 4220 Alii
657 4169 692 4218 ad
707 4167 816 4218 arsitia.
966 4167 1019 4216 Ire.
1043 4165 1099 4216 Alii
1115 4167 1214 4233 Iraque.

371 4246 518 4292 ,ammissum
559 4233 615 4287 Alii
631 4247 658 4285 et
674 4247 821 4295 externum,
842 4243 867 4284 et
967 4233 1001 4302 Q.
1019 4233 1095 4284 Atius
1112 4233 1208 4284 Varus.
1253 4229 1298 4284 Sic
1314 4229 1453 4298 Scaliger«

344 4303 489 4352 taurinen.
933 4301 1080 4354 coniectura
1090 4298 1175 4356 Fulvii
1186 4297 1286 4354 Ursini.
1296 4295 1352 4351 Alii
1361 4297 1395 4368 Q
1407 4295 1453 4348 Ta-

379 4372 407 4419 in
422 4380 586 4436 campestrem.
612 4365 670 4422 Atii
684 4372 712 4423 in
728 4380 866 4447 ronrpgctu.
935 4372 984 4421 tiss
1002 4377 1052 4422 stc.
1265 4401 1272 4411 ·
