2986 5268
261 3459 266 3478 ι
341 3441 403 3488 eicos
419 3447 433 3478 e
468 3429 557 3484 editis,
572 3425 736 3488 notior-ratur,
756 3419 864 3486 (malim

338 279 432 378 256
701 309 757 382 ou
794 312 926 382 uncto
962 315 1083 384 olor.

337 529 581 618 cohortatur,
614 528 881 628 utaliquando
908 547 975 629 pro
1003 529 1117 602 tantis
1142 527 1329 602 laboribus
1363 521 1428 601 tros

337 651 442 718 ctum
470 645 646 718 victoriae
674 647 924 744 perciperent:
959 645 1035 734 his,
1069 645 1132 742 qui
1161 643 1270 741 primi
1297 657 1429 714 murum

336 763 628 852 adscendissent,
643 765 806 861 praemia
824 765 1019 862 proposuit
1038 761 1290 858 militibusque
1304 763 1431 862 signnm

337 877 451 950 dedit.
503 877 557 950 Illi
586 879 710 950 subito
736 900 783 950 ex
809 879 980 950 omnibus
1007 877 1175 975 partibus
1202 873 1433 950 evolaverunt

336 1015 561 1090 murumque
587 992 759 1068 celeriter
786 991 1088 1091 compleverunt.
1156 1027 1164 1034 ·
1262 969 1279 1019 l

387 1109 447 1182 28.
473 1110 632 1198 Hostes,
660 1125 699 1182 re
719 1133 818 1182 nova
836 1110 1048 1207 perterriti,
1076 1129 1184 1180 muro
1208 1105 1434 1199 turribusque

336 1221 492 1313 deiecti,
517 1225 556 1297 in
582 1224 663 1296 foro
690 1249 733 1296 ac
752 1222 843 1296 locis
861 1222 1131 1321 patentioribus
1153 1220 1345 1294 cuneatim
1362 1242 1435 1288 con-

336 1339 539 1428 stiterunt,
566 1337 638 1412 hoc
666 1340 816 1428 animo,
842 1345 912 1427 ut,
939 1340 969 1410 si
996 1357 1069 1436 qua
1097 1360 1142 1408 ex
1169 1341 1276 1433 parte
1304 1332 1434 1404 obviam

336 1457 470 1526 contra
498 1453 717 1542 veniretur,
744 1453 822 1526 acie
849 1453 1036 1527 instructa
1064 1452 1332 1550 depugnarent.
1378 1443 1435 1514 Cli

337 1571 524 1642 neminem
550 1571 587 1642 in
615 1590 776 1667 aequum
793 1567 919 1643 locum
938 1589 1016 1642 sese
1035 1569 1262 1656 demittere,
1289 1562 1350 1638 sed
1367 1566 1434 1634 toto

336 1687 499 1784 undique
526 1709 635 1760 muro
662 1685 912 1759 circumfundi
931 1686 1127 1776 viderunt,
1146 1686 1282 1775 veriti,
1308 1706 1351 1756 ne
1369 1703 1437 1752 om·

336 1800 425 1872 nino
452 1821 533 1898 spes
559 1799 668 1900 fugae
693 1799 913 1892 tolleretur,
954 1801 1107 1875 abiectis
1141 1802 1277 1890 armis,
1302 1793 1434 1870 vultimas

338 1913 465 2012 oppidi
492 1922 615 2012 partes
641 1917 849 1990 continenti
876 1918 1007 2016 inpetu
1034 1917 1269 2015 petiverunt:
1298 1929 1436 2012 parsque

338 2031 411 2120 ibi,
430 2046 546 2128 quum
563 2039 721 2132 angusto
740 2041 933 2132 portarum
954 2033 1058 2105 exitu
1076 2055 1114 2104 se
1132 2032 1199 2130 ipsi
1221 2031 1439 2132 premerent,

339 2159 362 2219 a
388 2145 593 2233 militihus;
620 2169 729 2245 pars,
756 2149 832 2220 iam
858 2171 1002 2244 egressa
1028 2147 1163 2246 portis,
1191 2145 1240 2217 ab
1267 2139 1434 2239 equitibus

338 2270 396 2338 est
422 2265 640 2338 interiecta:
667 2290 735 2336 nec
764 2265 834 2338 fnit
861 2268 1082 2361 quisquam,
1109 2265 1171 2362 qui
1198 2259 1356 2362 praedae
1379 2266 1435 2326 sto·

338 2377 456 2452 deret.
482 2380 544 2452 Sic
571 2385 610 2451 et
637 2379 844 2452 Genabensi
872 2379 984 2452 caede
1012 2386 1050 2451 et
1083 2377 1209 2450 labore
1255 2374 1370 2476 operis
1392 2371 1434 2440 in³

341 2493 472 2582 citatis,
499 2517 574 2565 non
608 2499 731 2566 aetate
758 2494 958 2583 confectis,
998 2519 1072 2566 non
1112 2491 1347 2574 mulieribus,
1374 2503 1434 2555 nou

339 2605 542 2678 infantibus
560 2614 816 2722 pepercernpt.
842 2609 1011 2706 Denique
1030 2631 1076 2680 ex
1095 2607 1195 2678 omni
1215 2629 1261 2678 eo
1282 2618 1435 2676 numero.

343 2722 405 2818 qui
434 2721 505 2794 fuit
532 2723 681 2794 circiter
707 2725 847 2796 XXXX
866 2723 1030 2815 milium,
1057 2725 1122 2796 vix
1139 2725 1287 2814 DCCC,
1304 2720 1362 2818 qni
1380 2713 1438 2812 pri·

342 2857 407 2907 mo
433 2834 596 2908 clamore
623 2836 752 2910 audito
779 2863 817 2910 ae
844 2863 888 2910 ex
916 2840 1051 2937 oppido
1077 2827 1439 2926 eieceranr‚'incolu··

342 2963 421 3022 mes
452 2949 500 3023 ad
537 2952 881 3054 Vercingetorigem
923 2959 1185 3051 pervenerunt
1238 2957 1341 3046 Quos
1365 2943 1440 3024 illei

342 3063 463 3138 multa
488 3065 562 3138 iam
582 3073 720 3157 nocte,
746 3068 892 3145 silentio
907 3094 953 3140 ex
971 3069 1061 3170 fuga
1094 3069 1263 3168 excepit,
1295 3063 1440 3164 veritus,

340 3281 421 3356 Ergo,
435 3291 488 3360 quo
496 3295 521 3340 et
529 3263 731 3355 Oudendorpius
742 3271 864 3348 inclinat,
931 3281 999 3401 iulg.
1012 3281 1117 3348 veroni,
1132 3282 1299 3354 pleonasmus
1310 3269 1360 3332 est.
1371 3265 1439 3342 qualis

1002 3389 1009 3411 ,
1029 3355 1069 3403 61.
1088 3351 1161 3421 vulgo
1179 3355 1300 3402 inmersi.

341 3507 403 3556 ⁶⁰⁰¹
420 3497 493 3556 ‘¹¹³⁵’
515 3495 683 3554 ⁶⁰l⁰m²²²¹⁸l
703 3505 731 3541 '¹⁸
749 3493 865 3568 “llll‘m·
966 3429 1390 3576 dilaaliialeiielpedsolalsa
1405 3487 1438 3542 n.

341 3359 477 3429 legendum
496 3359 558 3408 erit:
577 3356 724 3423 Legionibus
741 3359 810 3405 irum
829 3357 865 3401 vi·
931 3347 962 3401 C.

341 3570 374 3621 do
390 3597 423 3608 -
434 3595 466 3605 -
483 3563 557 3614 Hanc
574 3561 793 3613 constructionem
812 3572 865 3606 nu-

341 3635 422 3708 periti
448 3651 501 3684 non
528 3631 669 3700 potuerunt
689 3641 863 3698 concoquere,

342 3704 392 3756 e‘tsi
404 3709 473 3754 rectu
487 3709 541 3764 est3
554 3696 600 3750 sed
613 3703 740 3767 putarunt
756 3696 865 3763 legiones

342 3767 494 3823 octonario·
507 3775 561 3818 e'sse
574 3761 791 3833 coniungeudum.
827 3759 865 3808 M.

374 3860 516 3932 expeditas,
529 3857 561 3912 ad
574 3875 690 3974 pignam
701 3874 807 3926 remque
824 3875 866 3924 go·

341 3926 451 3980 rendam
468 3935 580 3998 paratas.
630 3961 635 3972 ·

355 4051 357 4058 ,
375 4005 571 4058 adscendissent.
589 3985 654 4057 God.
670 3993 772 4056 Audin.
785 4023 866 4056 escen·

343 4073 448 4126 dissent.
459 4073 529 4126 conl·
542 4073 658 4126 Gronov.
672 4071 706 4123 ad
719 4071 776 4123 Liv.
789 4089 815 4132 2,
825 4077 864 4124 28.

377 4163 474 4214 obviam
499 4163 652 4216 deleverim:
678 4172 719 4216 est
742 4165 868 4234 interpre-

344 4237 493 4282 tamentum
511 4227 595 4281 verbi:
614 4244 712 4282 contra.
732 4231 803 4282 Idem
819 4233 869 4282 llo-

345 4305 473 4349 tomanno
490 4297 574 4350 visum
592 4307 640 4349 ost.
673 4297 716 4350 M.
752 4297 868 4350 Ursinus

344 4370 404 4416 eam
427 4363 526 4419 Fatrno
553 4365 681 4437 expungit
703 4377 803 4420 ronna.
838 4365 867 4420 Si

964 3595 1052 3646 labore
1069 3615 1085 3646 o
1103 3600 1168 3656 eris,
1183 3595 1245 3664 quia
1263 3593 1292 3644 in
1311 3579 1440 3648 munitior

933 3667 1036 3714 tantum
1053 3615 1150 3714 ladoris
1168 3672 1196 3716 et
1213 3657 1344 3714 molestiae
1361 3644 1439 3700 cabul·

932 3729 1055 3782 tiendum
1074 3731 1166 3782 suerat.
1185 3729 1264 3781 Cous.
1283 3747 1303 3781 c.
1322 3739 1359 3774 20-
1376 3713 1408 3764 Μ-

967 3830 999 3861 ex
1012 3817 1081 3862 omui
1093 3829 1123 3861 eo
1135 3816 1247 3863 memoro.
1266 3810 1296 3864 ld
1312 3825 1341 3858 eo
1353 3793 1438 3853 addunt

933 3877 1001 3930 boni
1017 3877 1092 3931 codd.
1111 3889 1138 3931 et
1156 3889 1226 3932 amat
1243 3881 1280 3930 ita
1297 3875 1438 3928 strumae·

934 3955 994 3998 ster.
1026 3947 1126 4000 Vide.
1144 3963 1186 4015 79.
1209 3961 1307 3998 omuem
1327 3953 1378 3990 eom
1394 3925 1436 3994 pto·

933 4019 1028 4066 netem.
1047 4014 1089 4066 nl.
1109 4033 1132 4080 9.
1151 4019 1220 4065 omni
1237 4014 1284 4064 illo
1301 4009 1402 4078 regium·
1472 4005 1473 4030 ¹

967 4095 1072 4166 ersuga
1083 4101 1185 4165 excrepit.
1204 4094 1258 4146 Alii
1267 4099 1351 4146 contra
1361 4087 1436 4151 ⁰fflnf⁵

935 4163 990 4214 lere
1013 4165 1133 4224 codices,
1155 4169 1190 4215 sic
1212 4181 1244 4212 cr
1259 4162 1324 4233 sugo
1350 4149 1436 4216 cJffWf'

935 4230 1047 4282 Voluere
1071 4230 1155 4282 locum
1178 4229 1318 4300 explicare:
1336 4233 1390 4274 num
1409 4224 1434 4318 ’ᾖ

936 4297 1135 4360 intelligendum
1153 4307 1201 4350 est.
1224 4298 1266 4348 M.
1290 4294 1328 4347 Cs-
1346 4291 1394 4339 ¹¹⁰l·
1409 4293 1434 4350 ³1·

936 4363 967 4428 3,
982 4361 1060 4429 145,
1078 4371 1115 4418 15.
1128 4366 1146 4417 i.
1165 4383 1187 4419 r.
1205 4361 1340 4433 oncupio
1355 4355 1380 4405 iu
1395 4357 1434 4396 W·
