3000 5268
342 297 428 390 180

696 305 752 390 ub
787 327 921 390 nstro
956 329 1078 392 orus.

334 525 591 602 incendiorum
631 526 763 626 procul
799 527 1049 617 videbantur,
1088 551 1183 626 quae
1214 551 1282 600 res
1311 551 1448 606 ornnem

336 643 607 714 dubitationem
639 641 825 716 adventus
859 641 1049 742 legionum
1076 640 1237 740 expulit.
1480 715 1481 740 ,

386 761 449 853 49.
476 753 599 846 Galli,
625 781 665 830 re
693 759 842 856 cognita
882 781 946 856 per
972 757 1257 857 exploratores,
1298 757 1449 830 obsidio

337 897 423 948 nem
453 870 693 968 relinquunt,
729 872 774 944 ad
805 873 998 944 Caesarem
1029 872 1202 944 omnibus
1235 871 1362 967 copiis
1379 892 1450 940 con·
1480 889 1481 932 l

335 988 520 1074 tendunt;
547 1005 611 1062 eae
643 993 751 1060 erant
782 996 1013 1072 armatorum
1050 989 1200 1062 circiter
1247 986 1357 1060 milio
1387 987 1449 1056 Lx.
1480 1069 1481 1072 Ἴ

336 1108 496 1196 Cicero,
526 1103 614 1178 data
649 1103 855 1194 facultate,
890 1102 1041 1190 Gallum
1076 1105 1122 1176 ab
1157 1103 1307 1178 eodem
1341 1104 1450 1176 Verti-

338 1245 459 1310 cone,
493 1243 604 1317 quem
639 1243 750 1318 supra
785 1219 1157 1309 demonstravimus„
1186 1218 1369 1316 repetit,
1401 1217 1451 1312 qui
1480 1297 1481 1304 ἵ

262 1389 268 1400 .
338 1333 483 1406 litteras
518 1331 564 1404 ad
595 1333 791 1407 Caesarem
829 1332 991 1408 referat:
1018 1333 1118 1406 bunc
1149 1331 1367 1418 admonet,
1395 1331 1450 1401 iter

339 1457 449 1524 caute
477 1433 747 1547 diligenterqde
774 1447 912 1521 faciat:
940 1447 1136 1547 perscribit
1152 1447 1190 1518 in
1211 1446 1381 1532 litteris,
1397 1445 1451 1514 ho·

340 1563 413 1638 s'tes
448 1564 558 1636 obse
586 1565 791 1638 discessisse
824 1587 1047 1660 omnemque
1075 1562 1121 1635 ad
1148 1585 1238 1635 eum
1287 1559 1452 1635 multitu·
1480 1645 1481 1654 ἵ

341 1681 463 1752 dinem
491 1679 730 1750 convertisse.
783 1679 927 1768 Quibus
967 1677 1099 1751 litteris
1138 1677 1305 1750 circiter
1345 1673 1450 1747 media

248 1857 251 1866 .
342 1799 453 1866 nocte
480 1792 615 1864 Caesar
641 1793 773 1864 adlatis
799 1816 885 1864 suos
912 1793 1002 1866 facit
1020 1792 1224 1880 certiores,
1256 1782 1451 1885 eosqnead

345 1908 598 1981 dimicandum
638 1909 762 1979 animo
799 1907 1023 1981 confirmate
1067 1913 1218 2006 postero
1271 1904 1337 1979 die
1383 1903 1450 1974 lure

344 2025 464 2122 prima
491 2027 620 2094 movet
646 2027 793 2110 castra,
820 2029 857 2100 et
882 2023 1032 2094 circiter
1050 2021 1151 2094 milia
1170 2043 1360 2120 passuum
1379 2039 1452 2112 qua·

344 2144 433 2210 tuor
457 2159 699 2238 progressus,
726 2142 830 2208 trans
865 2135 1002 2209 vallem
1040 2159 1216 2234 magnam
1264 2141 1309 2208 et
1342 2133 1481 2204 rivum.

345 2255 626 2338 multitudinem
653 2253 818 2327 hostium
843 2253 1096 2351 conspicatur.
1125 2253 1219 2326 Erat
1247 2251 1381 2349 magni
1398 2271 1451 2344 pe·
1480 2293 1481 2378 p

347 2372 453 2448 riculi
488 2395 572 2460 res,
599 2395 686 2444 cum
713 2371 828 2452 tantis
854 2369 969 2466 copiis
995 2369 1123 2467 iniquo
1152 2367 1235 2442 loco
1271 2368 1449 2442 dimicare.

348 2488 466 2574 Tum,
492 2487 668 2581 quoniam
694 2482 892 2556 liberatum
912 2481 1099 2556 obsidione
1118 2483 1345 2554 Ciceronem
1370 2479 1450 2549 scie·

348 2604 441 2690 bat,
469 2625 586 2698 eoque
613 2601 764 2672 omnino
796 2599 1061 2673 remittendum
1089 2598 1133 2670 de
1152 2597 1353 2672 celeritate
1385 2593 1451 2666 exi·

350 2715 546 2802 stimabat,
572 2714 740 2787 consedit
762 2721 824 2802 et,
842 2738 955 2811 quam
975 2713 1197 2811 aequissimo
1213 2719 1346 2810 potest
1363 2708 1449 2791 locu,

351 2839 474 2904 castra
501 2833 723 2904 communit.
748 2829 873 2927 Atque
900 2829 1012 2914 haec,
1032 2829 1099 2901 etsi
1118 2837 1225 2902 erant
1242 2831 1381 2928 exigua
1398 2844 1451 2922 per

352 2973 412 3034 se,
441 2949 506 3020 vix
531 2945 726 3020 bominum
744 2945 889 3018 milium
906 2947 996 3034 Vll,
1015 2949 1228 3044 praesertim
1244 2946 1359 3020 nullis
1377 2960 1450 3015 oum

353 3063 640 3163 inpedimentis,
666 3067 791 3135 tamen
821 3063 1002 3161 angustiis
1036 3061 1203 3151 viarum,
1231 3084 1348 3160 quam
1382 3077 1449 3128 mo÷

287 3187 292 3196 '
352 3179 451 3250 xime
480 3182 629 3274 potest,
666 3175 880 3263 contrahit,
915 3199 958 3248 eo
994 3175 1172 3264 consilio,
1206 3181 1250 3248 ut
1285 3178 1326 3249 in
1363 3191 1451 3244 surn-

353 3315 453 3364 mam
487 3292 780 3363 contemtionem
813 3289 981 3362 hostibus
1010 3291 1150 3362 veniat.
1184 3291 1355 3371 Interim,
1381 3303 1450 3379 spt-

355 3403 584 3480 colatoribus
623 3403 661 3480 in
702 3427 830 3478 omnes
873 3409 997 3512 partes
1035 3405 1227 3494 dimissis,
1269 3398 1448 3502 explorat,

388 3668 452 3721 elata
460 3669 595 3742 samltatc.
613 3665 683 3738 Quia
700 3677 755 3720 erat
768 3663 879 3722 facultas

357 3737 526 3790 nanciscendi
544 3737 693 3795 homiuem,
711 3754 790 3806 quem
809 3753 879 3786 com·

358 3807 435 3862 mode
453 3807 558 3857 mittero
573 3813 678 3867 posset,
704 3821 783 3874 quom
806 3801 880 3857 Galli

358 3889 412 3923 uon
429 3879 605 3938 agnoscerent.
634 3872 671 3920 M

392 3940 634 4000 Denmnstravimus.
652 3937 684 3988 V.
702 3955 724 3990 c.
742 3942 783 4002 45.
800 3935 843 3990 Μ.

389 4005 499 4078 raficas.
524 4003 570 4057 atti
585 4004 695 4074 dejerat.

393 4073 490 4122 vallem
507 4089 633 4141 mugrumr.
654 4078 687 4127 'rs'
704 4089 823 4140 nmgnam
839 4070 882 4124 da·

359 4147 399 4190 est
415 4141 444 4190 in
462 4137 522 4190 edd.
538 4139 634 4209 primis
651 4148 679 4190 et
693 4139 768 4192 codd.
778 4139 880 4191 mrrltis.

393 4209 538 4260 mimantis
551 4211 636 4271 copiis.
654 4205 709 4258 Alii
721 4205 788 4258 buno
800 4207 880 4258 multi

359 4269 409 4330 nod
421 4291 461 4322 css
468 4309 476 4332 ,
488 4273 610 4322 motulis:
623 4272 672 4324 hoc
680 4271 880 4342 intelligendum

361 4341 412 4392 orit
427 4337 459 4390 de
477 4339 569 4408 exiguo
587 4339 702 4399 Caesaris
710 4343 825 4394 ,exercitu
831 4375 841 4406 ‚
855 4349 882 4394 ct

944 3685 999 3720 cum
1016 3665 1123 3720 tantulis
1138 3672 1216 3739 copiis
1232 3669 1354 3721 dimicare
1368 3651 1446 3740 tituli·

945 3735 1032 3802 cabil,
1049 3735 1189 3788 habentem
1203 3737 1316 3804 tantulas
1326 3745 1408 3810 sopiat
1417 3721 1447 3788 ‘ll'

945 3805 1040 3856 micare
1057 3821 1117 3856 sum
1135 3797 1219 3855 hoste.
1244 3805 1287 3856 M.

982 3871 1054 3922 Tum.
1080 3871 1167 3924 Naxus
1186 3889 1239 3922 nou
1257 3863 1446 3941 estperspinun
1480 3843 1481 3910 l

946 3947 974 3990 el
985 3937 1084 3989 bahent
1095 3937 1141 3989 alii
1152 3951 1249 3998 umecta,
1263 3955 1324 4008 pro,
1342 3947 1397 3984 tum.
1408 3924 1447 3976 Dt‘
1480 3911 1481 4002 l

947 4003 1027 4056 belm
1043 4005 1110 4056 es'se:
1129 4006 1201 4075 Ergo
1215 4004 1383 4076 tunrpuidem,¹
1394 3999 1447 4046 0⁰11*

947 4073 983 4124 sic
999 4070 1182 4142 explicandum
1200 4079 1247 4123 est.
1272 4073 1310 4121 M.
1367 4134 1372 4144 Ι

981 4157 1059 4208 eoque
1075 4143 1186 4190 ontrrino.
1221 4141 1292 4191 Anto
1308 4133 1446 4198 scaligerum
1480 4147 1481 4194 j

947 4205 1081 4274 legebatur
1097 4225 1178 4276 aequo
1195 4211 1290 4257 aninlo.

949 4291 1059 4394 aar
1072 4285 1234 4413 trister
1241 4275 1326 4410 ts.
1338 4259 1410 4324 ⁶1⁰⁰
1439 4284 1443 4300 ’
1480 4283 1481 4310 ⁴
