3026 5264
379 427 459 492 urs.
493 431 520 492 1.
555 430 648 492 cnr.
692 397 864 492 13-15.
1086 389 1214 523 375,

63 627 202 706 iudicio
235 629 554 730 reprehendatur,
593 634 738 706 circum
777 627 934 704 familias
968 635 1181 706 conventus

62 749 242 849 Campani
270 749 461 824 custodiae
488 749 846 834 caussadistribuit.

118 869 176 939 15.
203 869 367 942 Auximo
393 868 531 941 Caesar
561 891 792 970 progressus,
824 889 935 940 omne
959 863 1181 966 agrumPi·

62 1005 201 1056 cenum
225 984 421 1083 percurrit.
473 984 641 1057 Cunctae
667 1007 795 1056 earum
813 983 1010 1084 regionum
1030 980 1183 1054 Praete·

62 1106 193 1173 cturae
219 1100 470 1173 libentissimis
496 1100 629 1172 animis
661 1123 748 1172 eum
784 1099 997 1198 recipiunt,
1037 1097 1179 1170 exerci÷

60 1217 219 1312 tumque
246 1215 323 1286 eius
343 1215 515 1286 omnibus
534 1214 645 1288 rebus
662 1215 809 1287 iuvant.
862 1209 989 1286 Etiam
1008 1207 1182 1311 Cingulo,

61 1331 163 1425 quod
199 1331 378 1428 oppidum
412 1329 598 1403 Labienus
633 1329 902 1419 constituerat,
933 1351 1073 1426 suaque
1112 1351 1180 1427 pes

62 1448 172 1518 cunia
198 1446 527 1536 exaedificaverat,
554 1444 600 1518 ad
626 1469 714 1519 eum
738 1445 852 1544 legati
868 1446 1025 1518 veniunt
1040 1467 1181 1542 ,quae-

62 1587 131 1659 que
151 1565 409 1662 imperaverit,
425 1589 463 1637 se
481 1561 718 1662 cupidissime
746 1563 913 1636 facturos
940 1559 1178 1660 pollicentur.

61 1675 199 1749 Milites
225 1679 414 1777 imperet:
440 1679 614 1752 mittunt.
654 1679 800 1750 lnterea
823 1675 925 1776 legio
944 1671 1017 1748 ΧΙΙ
1043 1674 1180 1747 Caesa·

61 1813 138 1861 rem
159 1795 413 1890 consequitur.
439 1793 537 1866 Cum
558 1792 615 1866 his
633 1791 777 1866 duabus
796 1789 976 1865 Asculum
996 1789 1178 1862 Picenum

62 1907 318 2005 proficiscitur.
346 1907 389 1980 ld
410 1893 592 2008 'oppidum
618 1907 802 1981 Lentulus
833 1905 1010 2007 Spinther
1045 1905 1177 1978 decem

62 2021 279 2094 cohortibus
305 2022 476 2096 tenebat:
504 2023 566 2119 qui
583 2079 593 2112 ,
612 2023 779 2095 Caesaris
805 2022 970 2094 adventu
1002 2021 1177 2120 cognito,

61 2139 227 2241 profugit
253 2165 298 2214 ex
318 2141 473 2242 oppido,
491 2141 739 2240 cohortesque
757 2163 883 2213 secum
904 2137 1091 2212 abducere
1111 2161 1179 2210 co·

62 2263 194 2345 natus,
217 2283 239 2328 a
265 2281 401 2356 magne
420 2263 526 2357 purte
544 2254 705 2330 militum
725 2256 919 2328 deseritur.
945 2250 1116 2324 Relictus
1137 2251 1178 2322 in

62 2369 191 2445 itinere
210 2397 297 2446 cum
316 2375 464 2472 paucis,
481 2371 612 2446 incidit
628 2375 666 2446 in
685 2369 889 2444 Vibullium
910 2367 1074 2458 Rufum,
1091 2367 1179 2440 mis·

62 2509 141 2558 sum
171 2513 192 2560 a
216 2489 394 2586 Pompeio
413 2489 451 2560 in
471 2509 602 2586 agrum
621 2481 1177 2576 Picenum,confirmandorum

62 2599 253 2678 hominum
274 2627 424 2676 caussa:
440 2629 461 2677 a
484 2627 560 2701 quo
578 2601 700 2676 lactus
714 2601 897 2676 Vibullius
910 2602 1065 2692 certior,
1079 2621 1176 2700 quae
1192 2665 1195 2672 .

61 2720 180 2792 resin
207 2719 344 2792 Piceno
371 2725 610 2816 gererentur,
637 2719 778 2800 milites
801 2718 849 2790 ab
876 2743 920 2791 eo
947 2718 1100 2818 accipit,
1117 2717 1177 2816 ip-

62 2855 140 2906 sum
169 2833 337 2907 dimittit.
363 2835 459 2907 Item
486 2855 537 2906 ese
549 2833 734 2908 finitumis
748 2833 983 2934 regionibus,
1000 2853 1093 2932 quas
1110 2855 1177 2933 po-

91 3199 184 3246 eirurm
199 3194 265 3258 sam.
282 3211 353 3246 coner.
372 3193 464 3264 Cmnp.
496 3189 584 3248 hube-
683 3193 803 3265 Cingulo
820 3193 876 3248 Alii
892 3210 926 3247 ex
943 3193 1064 3266 Ciaffulo.

60 3263 118 3314 nius
143 3263 308 3324 Ebct.1,8
330 3264 466 3323 restituit,
489 3266 582 3314 ιιι-απ
684 3263 831 3316 mutuum.
865 3263 906 3316 De
929 3262 980 3316 hoc
1001 3273 1028 3316 et
1048 3263 1126 3318 Hirro
1147 3269 1176 3318 et
1245 3267 1249 3278 '

53 3329 172 3396 jbmitias
194 3349 264 3380 conv.
288 3330 431 3398 Campani,
476 3327 528 3382 uod
555 3337 582 3381 et
648 3325 769 3382 Domitio
794 3331 829 3382 cl.
855 3339 958 3383 mutuus
987 3331 1121 3384 Ciceronis
1148 3337 1176 3382 et

61 3395 136 3448 Dion.
153 3395 248 3450 Vossio
262 3395 393 3466 placebat,
404 3407 432 3450 et
484 3397 583 3450 onorio
648 3397 769 3468 Pompeii
786 3397 925 3468 epistolas,
937 3399 966 3450 in
977 3398 1048 3470 Epp.
1065 3397 1098 3451 ad
1115 3400 1177 3452 nu.

61 3461 122 3514 Ohs.
134 3459 165 3530 3,
178 3463 218 3514 23.
232 3463 370 3516 Cellarins.
389 3463 460 3518 ldem
474 3463 581 3516 Durisio
649 3469 680 3527 8,
699 3481 736 3518 ιι.
756 3483 786 3536 sq
807 3502 813 3515 .
843 3465 949 3516 Ulcilles
966 3476 1007 3518 est
1023 3475 1175 3536 corruptum

62 3527 163 3596 placuit.
180 3531 283 3583 Nititur
299 3531 449 3584 emendatio
466 3531 581 3583 locoCi·
648 3549 755 3584 nomm.
861 3536 917 3584 ‘eim
940 3541 980 3585 est
1004 3536 1042 3593 is,
1063 3531 1097 3585 de
1138 3549 1174 3584 no

60 3602 157 3676 cernuis
172 3597 216 3662 (ud
228 3601 288 3650 Art.
300 3613 328 3665 7,
345 3603 398 3664 14),
410 3617 492 3672 eoque
505 3596 580 3650 valde
648 3617 726 3672 supra
742 3619 770 3652 ca
793 3637 800 3650 .
818 3603 849 3656 6,
867 3601 913 3671 qui
934 3601 1020 3652 iussus
1037 3609 1091 3652 eret
1146 3617 1174 3651 o·

61 3678 202 3734 perspicuo.
231 3665 384 3720 Conventus
413 3667 578 3737 Campanus,
647 3669 700 3720 sari
716 3667 744 3718 in
761 3619 849 3721 delus
867 3666 1012 3726 succedere.
1038 3666 1175 3738 Epistola·

61 3737 89 3779 ut
104 3735 379 3792 eonstst‚suutcives
396 3733 581 3793 Romani,Ce·
647 3733 784 3804 Pompeii,
811 3733 845 3786 sd
871 3735 1020 3786 Domitium
1043 3736 1173 3806 scriptus,

62 3811 125 3862 puae
148 3800 279 3852 virentes:
299 3801 367 3866 (vid.
394 3801 452 3852 lnd.
475 3803 503 3852 in
521 3819 580 3852 con·
628 3811 754 3854 ¹enstnut
779 3804 807 3853 iu
832 3803 901 3873 Epp.
927 3803 981 3854 Cic.
1007 3801 1040 3856 ed
1064 3803 1122 3856 Ate
1141 3801 1172 3860 8,

61 3871 155 3926 ventus)
173 3866 282 3937 ideoque
301 3867 415 3922 familiae
436 3877 580 3922 conventus
650 3885 688 3920 ιι.
705 3871 744 3919 Μ.
761 3869 873 3921 Hirrum
890 3868 1044 3922 dcditOud.
1062 3887 1076 3920 e
1092 3866 1172 3920 codd·

60 3940 117 3980 sunt
140 3933 254 3985 semilise
280 3933 387 3988 illorum
410 3937 509 3988 civium
528 3937 581 3988 lto·
646 3938 760 3990 Patruus
784 3945 812 3990 et
836 3937 969 3990 Manutius
998 3955 1046 4008 pro
1077 3933 1173 3986 Ulutte

60 4011 202 4051 menomm.
220 4001 262 4052 M.
280 4001 427 4072 Legebatur
443 4002 519 4072 vulgo
530 4007 580 4054 eir·
646 4003 748 4057 malunt
765 4004 909 4066 mrum,
919 4013 1014 4056 notum
1029 4003 1114 4073 gentis
1127 4019 1173 4053 uo·

60 4079 110 4178 :um
118 4069 271 4186 {canitia-es
287 4088 371 4187 οοιιν.Ε
380 4069 535 4189 Cunfipobniac
553 4078 580 4122 et
646 4090 722 4154 mou,
740 4074 768 4124 iu
805 4091 837 4124 ua
854 4069 937 4189 ῌίννὶ
953 4078 1101 4124 occurrunt.
1119 4069 1173 4123 Ur·

60 4147 151 4267 edilred
158 4144 216 4280 oiim
225 4155 346 4256 Cdilhsrio.
355 4155 579 4283 Ρέιζὴιῑῦεῑῖιᾟ
645 4137 1173 4284 §ddsflffdrimvtss'hoffudgfftiffiditd

30 4307 31 4312 ,
92 4267 211 4346 Auximo.
230 4269 337 4323 Codices
353 4269 463 4341 quidem
479 4270 580 4324 habent
646 4281 732 4325 sutem
755 4274 903 4342 cognomini
926 4273 996 4326 loeus
1018 4279 1066 4324 est.
1100 4239 1173 4324 hihi

60 4327 173 4384 Maximo
191 4336 220 4388 C.
236 4355 386 4415 progressu,
400 4339 469 4411 quod
488 4357 534 4409 per
553 4357 580 4392 e·
645 4339 748 4392 adridet
761 4341 891 4392 sententis
904 4337 1077 4411 Clondorpii,
1087 4355 1173 4391 emen·

61 4401 351 4542 ”secutus
366 4407 496 4526 tun·
516 4357 553 4457 'i
646 4406 876 4529 tereus
889 4405 1174 4528 pappos.

274 4508 281 4523 .
352 4511 359 4524 .
427 4507 436 4524 .
488 4509 494 4523 .
814 4493 828 4528 c
916 4493 979 4546 psus
1007 4493 1035 4528 ur
