3040 5264
388 367 469 436 urs.
502 363 530 426 1.
564 367 657 426 cnr.
695 331 869 476 {lb-38.
1118 349 1174 450 41

67 573 165 646 inter
203 585 316 644 annos
357 569 481 644 sitm
519 583 651 644 tectum
693 595 763 677 non
804 568 1011 660 subissent,
1051 572 1183 646 uirtute
1295 569 1296 572 ’

67 703 223 788 possent.

121 805 185 892 37·
218 803 322 874 llaec
356 797 486 872 eodem
512 805 682 899 tempore
707 799 854 874 Caesari
882 799 1059 876 mandata
1084 798 1145 874 rei
1162 837 1183 856 ··

69 915 275 1002 rebantur,
314 919 352 986 et
375 911 486 1012 legati
515 915 561 988 ab
588 914 725 988 Aeduis
752 919 790 986 et
816 938 838 986 a
864 915 1027 988 Treviris
1055 916 1183 988 venie·

69 1032 192 1103 bant:
227 1028 346 1104 Aedui
373 1036 578 1126 questum,
610 1029 709 1128 quod
735 1029 929 1124 Harudes,
969 1033 1031 1130 qui
1065 1055 1184 1130 nuper

68 1147 108 1218 in
138 1145 299 1218 Galliam
337 1147 582 1244 transportati
609 1152 758 1235 essent,
790 1146 880 1219 fines
905 1172 1036 1222 eorum
1062 1172 1184 1248 popu-

67 1257 265 1346 lar-entur3
292 1284 395 1350 sese,
422 1284 466 1332 ne
491 1259 679 1332 obsidibus
716 1259 867 1358 quidem
906 1261 1022 1353 detis,
1048 1285 1180 1360 pacem

68 1377 252 1452 Ariovisti
278 1377 457 1450 redimere
485 1375 676 1475 potuisse:
716 1377 860 1450 Treviri
887 1385 1043 1470 autem,
1069 1402 1183 1478 pagos

71 1497 227 1565 centum
252 1492 464 1564 Suevorum
490 1488 537 1562 ad
563 1491 675 1588 Ripas
701 1491 821 1564 Rheni
853 1491 1088 1578 consedisse,
1118 1493 1184 1590 qui
1208 1540 1222 1570 ·.

69 1606 244 1678 Rhenum
279 1607 433 1706 transire
470 1610 713 1691 conuentum
743 1606 787 1680 iis
818 1630 984 1704 praeesse
1017 1607 1184 1678 Nasuam

72 1725 111 1790 et
138 1712 371 1792 Cimberium
401 1719 546 1793 iratres.
580 1719 725 1814 Quibus
750 1719 860 1792 rebus
894 1721 1029 1793 Caesar
1067 1721 1184 1792 vehe-

71 1839 219 1905 menter
245 1839 489 1922 commotus,
525 1833 794 1908 maturandum
832 1832 902 1908 sibi
927 1833 1185 1924 existimavit,

72 1969 148 2034 ne,
172 1948 201 2018 si
228 1971 329 2020 nova
350 1971 481 2022 manus
508 1948 718 2020 Suevorum
745 1972 833 2020 curn
852 1948 1041 2021 veteribus
1068 1951 1184 2046 copiis

73 2062 252 2136 Ariovisti
278 2087 356 2136 sese
383 2064 656 2153 coniunxisset,
683 2064 804 2134 minus
830 2059 937 2134 facile
962 2062 1082 2136 resisti
1101 2085 1184 2160 pos—

72 2187 143 2252 set.
170 2181 301 2278 ltaque
326 2205 367 2254 re
385 2179 660 2268 frumentaria,
686 2201 798 2276 quam
817 2175 1007 2250 celerrime
1033 2180 1183 2276 potuit,

73 2307 294 2395 comparata
308 2353 329 2388 „
353 2298 497 2398 magnis
527 2297 721 2371 itineribus
757 2293 805 2367 ad
829 2295 1063 2368 Ariovistum
1089 2319 1184 2370 con·

73 2413 206 2490 tendit·

124 2529 189 2606 38.
221 2534 349 2624 Quum
382 2529 495 2602 tridui
531 2529 634 2602 viam
665 2527 928 2628 processisset,
959 2530 1184 2612 nunciatum

71 2649 130 2717 est
148 2645 204 2734 ei,
232 2646 465 2719 Ariovistum
483 2667 578 2730 ,cum
605 2643 680 2716 suis
707 2642 878 2716 omnibus
905 2644 1020 2742 copiis
1047 2643 1094 2716 ad
1121 2669 1184 2718 oc·

73 2764 287 2860 cupandum
313 2762 606 2847 Vesontionem,
648 2758 748 2856 quod
774 2765 830 2832 est
857 2761 1034 2858 oppidum
1061 2763 1184 2834 maxi-

71 2901 179 2950 mum
217 2879 502 2974 Sequanorum,
536 2873 789 2963 contendere,
820 2875 1008 2972 triduique
1034 2875 1134 2947 riam
1160 2901 1183 2954 a

63 2993 148 3068 ,suis
190 2990 325 3064 finibus
362 2991 571 3088 proiecisse.
623 2987 665 3060 ld
704 3013 750 3060 ne
789 2987 1002 3077 accideret,
1044 3009 1183 3089 magno

71 3127 185 3200 opere
204 3102 503 3202 praecavendum
531 3103 598 3175 sibi
625 3103 761 3175 Caesar
785 3101 1045 3174 existimabat:
1073 3095 1183 3176 naml·
1251 3133 1256 3142 ·

71 3239 145 3316 que
180 3217 350 3289 omnium
383 3242 536 3302 rerum,
577 3241 672 3315 quae
698 3215 746 3290 ad
771 3215 910 3290 bellum
937 3216 1017 3288 usui
1050 3222 1183 3308 erant,

71 3353 223 3403 summa
253 3339 334 3406 eret
364 3315 403 3405 in
436 3357 479 3405 eo
514 3331 649 3432 oppido
684 3329 867 3417 iacultns3
901 3330 1013 3433 idque
1047 3331 1197 3403 netura'

105 3591 182 3644 inter.
193 3585 370 3657 annuevulg.
389 3591 471 3640 imru.
484 3587 595 3641 mun.
660 3585 710 3650 id,
730 3587 802 3658 quod
821 3589 905 3642 nostri
926 3591 1036 3642 maiores
1056 3589 1183 3644 dixerunt

70 3671 95 3708 1.
110 3672 147 3705 ro.
157 3659 274 3706 interest
285 3675 375 3707 usuros·
662 3656 734 3716 Gau,
743 3657 818 3708 cuius
826 3656 899 3709 verbi
907 3659 1014 3728 vestigia
1024 3660 1052 3708 in
1060 3657 1183 3728 pluribus

105 3721 240 3774 Haeredes.
249 3721 290 3774 Cs.
300 3741 322 3775 c.
332 3723 374 3774 31.
383 3722 425 3773 M.
661 3723 797 3792 regionum
802 3723 1113 3795 numinibussupersunt.
1121 3725 1183 3778 Vid.

108 3789 212 3840 Treviri
229 3801 315 3840 nutem
329 3807 365 3842 sc.
377 3789 536 3842 nunciatum
551 3807 595 3841 re·
661 3809 683 3842 c.
697 3806 737 3848 12,
754 3799 782 3842 et
797 3801 838 3854 27,
862 3801 888 3843 et
908 3802 1009 3862 praeter
1021 3791 1086 3844 alios
1103 3791 1184 3844 onh-

69 3855 191 3910 utebare
202 3857 244 3907 M.
661 3875 766 3909 merum
781 3857 823 3910 ‘ed
844 3859 931 3912 'l'aciti
951 3859 1074 3910 German.
1092 3879 1114 3911 c.
1137 3877 1181 3921 η,

103 3941 188 3992 pagos
205 3936 303 3976 uatum
319 3923 395 3976 Saea.
409 3923 425 3974 i.
442 3943 464 3976 e.
479 3921 594 3984 milites,
662 3923 710 3977 uhi
721 3926 861 3994 scriptores
872 3927 904 3978 de
917 3925 967 3978 hec
979 3946 1007 3978 re
1019 3925 1139 3995 collegit,
1156 3935 1184 3979 et

71 4009 105 4043 ex
121 3989 234 4058 singulis
253 4000 363 4044 centum
380 4008 505 4061 pagorum
522 3988 595 4042 dele·
661 3991 801 4043 Wnrhtsri
821 3992 986 4046 Glossarium
1006 3996 1184 4064 germanicum

69 4067 149 4110 ctosz
179 4075 242 4110 nem
268 4067 378 4110 centurn
399 4058 509 4108 omniuo
533 4057 595 4126 pegi
662 4060 690 4110 ln
704 4060 821 4111 Gen-M.

69 4127 221 4178 Sacrorum
235 4123 358 4184 fuerunt,
379 4123 504 4195 equibus
517 4131 595 4193 quot-
694 4131 772 4195 ripas.
804 4126 849 4180 Sic
871 4125 964 4180 Glurke
986 4145 1000 4180 e
1027 4127 1104 4182 codd·
1135 4129 1184 4183 Gr.

68 4193 152 4244 anuis
185 4190 286 4258 singule
318 4190 402 4244 millis
435 4199 595 4244 armatorum
662 4201 757 4263 txsanp
774 4192 807 4246 al.
824 4199 916 4274 ripum.
1018 4178 1096 4350 ἰώ

70 4256 263 4311 educebantur.
276 4259 318 4311 cf.
332 4268 364 4324 t,
384 4275 404 4310 1.
419 4259 516 4311 cellar.
531 4258 554 4309 T
555 4277 597 4312 ra·
694 4261 844 4331 proficisse.
853 4261 897 4316 Sic
908 4263 1004 4381 optimi
1115 4261 1185 4316 Vula

70 4325 192 4378 latitium
219 4335 282 4387 est,
307 4326 418 4400 Latinos
440 4336 536 4395 pagum
559 4326 596 4378 ita
662 4333 896 4398 geprooessisse,e
913 4348 1005 4399 gossn.

71 4391 192 4453 banse,
211 4401 243 4444 ut
257 4395 434 4464 exprimerent
451 4391 500 4444 boc
516 4391 596 4445 verbo
689 4397 816 4466 jbsultas.
829 4399 921 4470 copia,
941 4408 972 4450 ut
988 4397 1021 4467 3,
1040 4397 1127 4469 3.Cic.
1135 4409 1185 4471 pr·

178 4487 335 4564 Cnsssn.
362 4489 557 4571 Commeat.
608 4492 716 4568 Tom.
744 4497 773 4568 1.
952 4495 983 4568 F
1050 4589 1052 4594 Α
