2986 5268
1061 289 1156 394 255

332 339 412 401 Lm.
446 335 518 402 vn.
552 341 644 398 cre.
681 303 840 430 25-27

57 533 160 616 lentio
185 541 303 614 noctis
318 541 466 629 conati,
491 565 565 618 uon
589 564 725 640 magna
741 540 888 612 iactura
905 559 1057 608 suorum
1078 559 1158 609 sese

58 657 239 730 effecturos
256 657 473 754 sperabant,
501 661 698 755 propterea
716 652 816 753 quod
836 675 954 750 neque
974 649 1082 750 longe
1107 648 1156 720 ab

55 775 178 871 oppido
204 781 325 846 castra
343 773 655 872 Vercingetorigis
682 771 859 862 aberant,
883 779 918 842 et
945 767 1049 868 palus
1075 792 1159 866 per·

53 893 178 982 petua,
204 912 298 984 quae
317 887 594 977 intercedebat,
613 889 802 962 Romanos
820 883 866 958 ed
887 881 1158 980 insequendum

54 1005 224 1078 tardabat.
246 1006 399 1101 lamque
415 1003 486 1080 lroc
503 1003 623 1078 facere
641 1008 756 1076 noctu
772 998 1024 1099 adparabant,
1038 1023 1158 1095 quum

52 1129 177 1194 matres
211 1119 371 1196 familiae
406 1126 559 1218 repente
595 1120 632 1190 in
660 1119 852 1218 publicum
887 1109 1157 1216 procurrerurit
1213 1125 1225 1136 ⁹

52 1237 264 1338 flentesque,
290 1238 475 1337 proiectae
495 1235 540 1308 ad
556 1235 666 1334 pedes
685 1257 859 1322 suorum,
885 1235 1056 1308 omnibus
1073 1261 1154 1334 pre·

51 1355 142 1424 cibus
168 1355 378 1452 petierunt,
418 1375 462 1424 ne
489 1374 528 1424 se
562 1357 600 1426 et
627 1373 844 1424 communes
870 1348 1009 1424 liberos
1037 1351 1155 1424 hosti-

50 1467 110 1540 bus
135 1471 179 1542 ad
205 1468 426 1568 subplicium
447 1466 652 1554 dederent,
677 1491 770 1563 quos
789 1463 834 1538 ad
855 1465 1075 1564 capiendam
1097 1467 1155 1542 fu-

49 1603 125 1680 gam
149 1591 304 1656 naturae
331 1589 369 1656 et
396 1583 530 1658 virium
558 1579 751 1654 infirmitas
779 1579 973 1678 inpediret.
999 1581 1071 1652 Ubi
1090 1605 1154 1654 eos

52 1694 82 1764 in
106 1699 285 1771 sententia
312 1703 477 1794 perstare
505 1695 703 1786 viderunt,
742 1693 842 1792 quod
869 1693 1087 1793 plerumque
1114 1697 1153 1768 in

51 1835 183 1888 summo
215 1815 380 1914 periculo
414 1815 529 1886 timor
565 1811 857 1884 misericordiam
889 1835 963 1884 non
996 1813 1150 1912 recipit,

51 1929 270 2004 conclamare
289 1936 328 2002 et
344 1925 550 2028 significare
570 1927 614 1998 de
633 1925 721 2026 fuga
740 1927 917 1999 Romanis
935 1933 1153 2026 coeperunt.

49 2042 121 2131 Quo
146 2048 278 2116 timore
305 2043 492 2142 perterriti
520 2040 638 2129 Galli,
664 2065 711 2114 ne
737 2041 785 2112 ab
812 2043 982 2138 equitatu
1009 2044 1173 2116 Roma-v

48 2179 166 2229 norum
194 2161 278 2230 viae
306 2161 694 2257 praeoccuparentur,
729 2155 882 2228 consilio
909 2153 1149 2230 destiterunt.

88 2293 143 2361 27.
168 2273 321 2346 Postero
349 2272 406 2344 die
426 2273 584 2357 Caesar,
611 2275 784 2368 promota
802 2269 894 2340 turri
924 2267 1150 2364 directisque

47 2389 222 2482 operibus,
251 2412 346 2488 quae
373 2389 494 2466 lacere
512 2387 745 2474 instituerat,
773 2407 908 2484 magno
928 2390 1060 2456 coorto
1080 2385 1150 2456 im·

45 2495 117 2589 bri,
153 2527 226 2575 non
267 2501 439 2576 inutilem
468 2501 563 2575 banc
604 2498 650 2572 ad
690 2497 913 2596 capiendum
947 2497 1145 2608 consilium

45 2620 295 2716 tempestatem
322 2621 550 2704 arbitratus,
578 2614 680 2714 quod
706 2611 829 2714 paullo
855 2615 1043 2690 incautius
1076 2639 1149 2690 cu-

44 2729 175 2812 stodias
189 2739 228 2812 in
257 2761 365 2812 muro
383 2736 577 2835 dispositas
599 2732 771 2822 videbat,
796 2756 882 2806 suos
901 2753 1049 2832 quoque
1068 2733 1150 2806 lan-

44 2849 175 2945 guidius
200 2854 237 2924 in
266 2875 376 2950 opere
403 2851 542 2924 versari
567 2849 674 2922 iussit
699 2855 764 2936 et,
791 2847 881 2944 quid
907 2849 985 2924 fieri
1013 2849 1150 2940 vellet,

43 2966 199 3040 ostendit.
231 2967 412 3066 Legiones
429 2965 529 3039 intr'a
555 2964 682 3036 vineas
708 2963 746 3034 in
773 2961 924 3036 occulto
952 2962 1150 3062 expeditas

69 3215 155 3256 meti-es
165 3207 299 3278 fimitiqe.
318 3206 358 3260 Ita
375 3205 452 3260 codd.
474 3207 552 3258 Cous.
621 3205 691 3268 aliis)
704 3207 818 3276 operibus
832 3205 983 3272 (machinis,
996 3205 1148 3277 obpugnan-

44 3281 66 3328 ¹¹
83 3275 117 3322 50.
134 3283 160 3326 et
175 3275 235 3328 lud.
254 3275 297 3326 M.
314 3274 347 3327 al.
358 3275 488 3347 firniliar.
620 3273 655 3328 do
673 3275 833 3338 destinatis).
851 3275 893 3326 Cl.
911 3275 1149 3346 cap.19extr.it!.

42 3363 176 3465 anemae.
221 3351 279 3406 Alii
296 3366 391 3404 cutura
409 3373 456 3424 per
473 3358 496 3408 ts
515 3355 553 3410 dol

54 3440 101 3467 'etim

66 3495 208 3568 directisque
216 3501 339 3570 operibus.
350 3499 417 3554 Oud.
428 3501 463 3552 sic
472 3497 553 3570 expli-

41 3569 90 3636 ,ΜΗ
115 3568 235 3634 oppidum
263 3587 348 3619 verens
374 3573 500 3638 promotis
527 3579 552 3617 et

40 3635 161 3704 institutis,
179 3639 231 3685 sive
248 3639 286 3685 ita
302 3637 443 3703 dispositis,
456 3649 483 3685 ut
495 3653 552 3692 orre-

39 3695 96 3748 nhur
112 3701 163 3751 illie
179 3705 232 3752 iarn
251 3705 335 3771 sumis
352 3707 436 3754 noceri
460 3713 484 3752 et
501 3703 551 3751 nd-

37 3769 191 3834 propinquari
207 3784 294 3838 posset
311 3771 366 3820 urbi
392 3771 483 3822 Lectio
497 3786 550 3820 uon

40 3829 129 3884 videtur
145 3845 228 3887 certa:
248 3835 348 3890 babent
365 3798 437 3890 lnim
455 3835 499 3889 alii
511 3839 552 3887 de·

39 3905 113 3960 rectis,
130 3901 174 3954 elil
197 3905 315 3966 directis,
340 3905 477 3960 derelictis,
497 3909 558 3953 ere·'

38 3967 89 4024 αἶ’,
106 3970 167 4020 item
183 3972 260 4024 codd.
280 3971 400 4045 quidam,
418 3964 551 4039 metaplrri

39 4027 116 4086 Gracc.
133 4045 158 4088 et
175 4038 236 4091 edd.
259 4041 395 4111 pleraeque
418 4041 550 4111 persentis.-

39 4101 112 4154 lamen
126 4107 147 4156 si
160 4105 257 4160 Ceesar
265 4109 382 4180 perjiceir
393 4109 550 4176 scripsisset,

39 4180 105 4220 ”emo
122 4171 168 4226 boc
185 4183 321 4231 mutasset.
374 4177 473 4246 Sequor
491 4193 554 4242 ergo

38 4229 244 4319 Qudeudorpium
268 4253 295 4296 et
317 4243 405 4296 locum
430 4243 549 4311 intelligo

38 4313 81 4362 ⁸¹0,
104 4317 131 4358 ut
148 4327 171 4362 si
188 4310 284 4362 Caesar
306 4314 469 4384 scripsisset:
491 4329 550 4376 pro·

38 4379 96 4420 uota
124 4381 192 4428 turri
207 4381 357 4450 directisque
380 4381 432 4446 (ad
456 4381 550 4438 urbem

654 3373 681 3418 in
698 3367 795 3418 occrrlto
808 3376 847 3418 est
859 3385 928 3420 mera
941 3366 1083 3437 explicatio
1096 3383 1147 3416 ver·

619 3434 713 3486 borum
737 3439 808 3484 intro
831 3439 930 3496 vineas,
948 3454 996 3486 nec
1019 3435 1148 3503 expressit

622 3501 752 3570 metaplrr.
772 3503 869 3554 Graeca
888 3511 914 3554 ct
931 3499 1005 3553 abest
1029 3521 1044 3554 a
1069 3499 1146 3552 codd.

619 3580 743 3639 quatuor:
756 3571 876 3639 namqui
888 3579 953 3622 sunt
966 3571 1032 3620 intra
1045 3568 1149 3628 vineas,

618 3635 718 3689 medies
742 3639 811 3688 iuter
834 3638 924 3690 vineas
943 3643 985 3702 (v.
1004 3636 1098 3698 Iud),
1116 3634 1147 3687 lii

618 3713 681 3756 suut
703 3705 788 3756 vincis
805 3723 825 3756 s.
845 3703 974 3757 machinis
996 3704 1049 3756 illis
1074 3704 1146 3756 tecti«

618 3771 697 3841 Quod
718 3791 776 3838 ergo
798 3773 866 3823 iutro
890 3775 977 3824 vineas
1000 3773 1045 3832 fit,
1070 3769 1097 3820 id
1115 3767 1146 3820 lit

619 3841 647 3891 in
664 3839 777 3902 occulto,
792 3849 822 3890 ut
835 3839 923 3892 hostes
942 3839 968 3892 id
985 3855 1087 3892 cernere
1100 3855 1146 3886 ue·

637 3917 723 3962 ueont.
749 3907 887 3961 Lectiones
908 3909 993 3960 variae
1015 3915 1058 3960 aret
1079 3911 1145 3956 suut

618 3929 710 4038 dalcae,
728 3986 759 4028 ut
782 3991 857 4028 extra
883 3981 986 4028 cimas:
1011 3985 1056 4028 aut
1079 3979 1145 4023 sunt

617 4047 870 4115 interpretamenta,
886 4053 915 4096 ut
932 4057 1008 4096 extra
1038 4051 1144 4104 castra,

616 4113 675 4174 vel,
691 4119 763 4164 iuxta
782 4118 880 4162 vincas:
899 4121 944 4163 eut
962 4119 1023 4164 sunt
1036 4131 1050 4162 e
1064 4105 1145 4162 libre·

617 4182 663 4232 riis
681 4201 695 4231 e
714 4179 834 4250 pluribus
858 4181 1002 4241 conlletae,
1020 4188 1049 4232 ut
1066 4185 1144 4228 exerc

616 4261 703 4300 castra
721 4267 823 4309 vincas,
841 4267 886 4300 seu
904 4261 980 4298 estro
1000 4261 1086 4300 costra
1104 4261 1145 4295 νι·

615 4335 739 4383 areasque:
753 4315 846 4382 legitur
864 4317 943 4368 etiarn
957 4317 984 4368 in
998 4315 1072 4368 codd.
1087 4314 1144 4383 plu·

616 4381 689 4436 ribus
696 4421 706 4446 ,
731 4384 869 4454 tegiorrr‘bes
899 4386 1040 4456 expeditis,
1065 4391 1142 4440 recte.
