3026 5264
370 363 464 486 354

368 603 556 676 Tribunus
583 595 724 700 plebis,
764 625 880 698 quum
920 601 1085 674 Caesaris
1121 623 1288 674 caussam
1314 595 1454 701 dignita«

367 723 519 814 temque
546 713 812 794 defendendam
839 719 1087 814 suscepisset,
1113 739 1220 813 saepe
1247 721 1325 790 erat
1361 719 1454 788 Sena-

367 831 422 904 tui
450 829 662 928 pollicitus,
687 831 716 902 si
743 855 855 926 quern
882 832 997 904 timor
1015 855 1207 909 armorum
1223 831 1380 906 Caesaris
1396 829 1455 900 lae

367 943 492 1034 deret,
520 949 585 1034 et,
610 945 788 1041 quoniam
814 945 981 1044 Pompeii
1009 944 1214 1020 dominatio
1242 953 1349 1042 atque
1370 968 1454 1016 arna

368 1081 442 1134 uon
469 1059 665 1130 rninirnurn
694 1065 874 1131 terrorem
914 1061 995 1132 foro
1036 1060 1241 1148 inferrent,
1275 1058 1455 1132 discederet

368 1177 524 1269 uterque
552 1175 598 1246 ab
626 1175 737 1246 arrnis
763 1175 1024 1272 exercitusque
1050 1169 1285 1259 dimitteret,
1323 1170 1393 1246 fore
1422 1191 1456 1242 co

368 1289 471 1363 facto
510 1289 667 1364 liberam
704 1298 743 1364 et
781 1291 839 1363 sui
873 1291 963 1364 iuris
991 1291 1200 1364 civitatem.
1252 1291 1375 1384 Neque
1399 1287 1455 1358 boc

367 1402 842 1504 tantumpollicitusest3
869 1404 1076 1478 sedetiam
1110 1427 1176 1500 per
1216 1425 1255 1478 se
1296 1401 1459 1474 discessio·

367 1547 453 1594 nern
480 1523 602 1596 facere
629 1521 778 1622 coepit:
805 1519 906 1620 quod
932 1548 978 1594 ne
1004 1522 1134 1609 fieret,
1175 1518 1352 1596 Consules
1389 1518 1459 1590 arni·

367 1637 475 1733 cique
501 1637 668 1736 Pompeii
693 1639 904 1726 iusserunt,
931 1641 1044 1735 atque
1071 1637 1231 1710 iterem
1259 1632 1459 1710 moderando

368 1753 627 1828 discesserunt.

398 1871 478 1944 .53.
506 1873 686 1970 Magnum
714 1869 787 1942 hoo
816 1869 1073 1946 testimonium
1099 1870 1262 1943 Senatus
1289 1877 1367 1944 erat
1395 1867 1459 1942 uni-

368 1989 463 2061 versi
491 1989 788 2084 conveniensque
814 1986 993 2085 superiori
1021 1986 1133 2059 facto.
1159 1987 1261 2058 Nam
1287 1986 1460 2061 Marcellus

366 2107 538 2204 proximo
557 2129 674 2195 anno,
692 2127 811 2202 quum
828 2103 1051 2201 inpugnaret
1063 2103 1236 2176 Caesaris
1252 2104 1459 2206 dignitatern,

734 397 789 456 DE
825 397 959 458 BELLO
995 393 1117 459 citt.
1193 404 1200 415 '

366 2281 475 2335 Sueten.
493 2282 595 2334 Caesar.
620 2300 660 2348 29·
683 2283 723 2335 36.
749 2277 886 2330 Cellurius.

365 2349 435 2402 Adri.
453 2353 569 2419 Appian-
587 2349 644 2400 Cir.
660 2365 687 2408 a,
703 2351 743 2398 ab.
763 2355 887 2415 paam.

365 2417 428 2470 edit.
437 2416 531 2486 Steplr.
543 2417 595 2470 Dio
605 2417 677 2468 Cass.
688 2423 732 2479 40,
741 2416 755 2462 6
760 2433 782 2464 2.
792 2411 887 2464 Vellei.

363 2483 492 2536 Patercul.
512 2501 540 2543 2,
559 2487 605 2548 48,
622 2485 670 2551 qui
689 2499 771 2532 mores
797 2479 888 2532 Curio·

362 2552 406 2610 qis
426 2550 575 2602 adumbrat.
599 2551 696 2616 attigit
718 2550 799 2600 ctiam
823 2545 887 2600 Plu·

361 2617 469 2670 tarclrus
486 2620 515 2669 iu
533 2617 636 2668 Cacsar.
654 2635 711 2685 cap.
729 2615 769 2666 30.
788 2615 830 2666 M.

395 2717 470 2764 qairrm
484 2727 517 2736 -
527 2715 595 2748 susae
602 2701 679 2746 risset.
698 2694 801 2762 Magnis
818 2693 885 2746 Cae·

360 2765 426 2820 saris
455 2715 636 2831 largitionibus
663 2762 742 2814 Curio
771 2763 800 2817 iu
829 2762 883 2818 eius

360 2842 448 2900 partes
466 2832 599 2882 traductus
617 2837 664 2882 est.
683 2829 725 2880 M.

392 2927 423 2960 eo
434 2913 520 2978 Jircto.
537 2909 582 2962 Al.
598 2927 628 2960 so
642 2919 729 2977 pacto.

390 3007 439 3058 per
455 3007 482 3042 se
500 2989 576 3060 (ipse)
593 2989 654 3040 eliac.
670 2987 698 3058 s
716 3005 782 3054 coep.
801 2987 882 3058 Roga·

359 3057 400 3108 vit
416 3059 540 3109 Sunartrnn
553 3095 560 3117 ,
572 3075 637 3106 uum
662 3055 789 3124 placeret,
808 3065 838 3106 ut
856 3063 882 3106 et

358 3123 452 3180 Caesar
474 3131 500 3174 et
524 3123 664 3193 Pompeius
689 3125 816 3174 exercitus
841 3121 882 3174 di-

357 3193 507 3244 mitterent:
516 3191 596 3244 multi
608 3193 680 3241 enirn
690 3207 721 3240 eo
730 3208 783 3239 rem
798 3187 881 3240 trabe-

356 3255 435 3318 bant,
453 3267 482 3312 ut
498 3257 567 3310 solus
585 3258 680 3309 Cacsar
697 3257 730 3308 ab
746 3257 824 3310 ortuis
842 3255 880 3307 di·

356 3325 480 3394 scederet.
501 3327 617 3396 Appian.
641 3325 698 3378 Cir.
723 3343 749 3385 2,
770 3337 803 3385 27
824 3341 879 3394 seq.

354 3411 412 3462 pag.
439 3397 498 3458 446.
526 3393 650 3444 Ceterum
676 3392 811 3455 ingeniosa
839 3400 879 3442 est

356 3461 506 3514 emendatio
523 3459 631 3520 Fauni,
644 3457 678 3512 ab
695 3459 795 3510 Ursino
814 3457 880 3510 iadi-

352 3536 422 3580 cala:
440 3529 484 3578 sed
500 3531 576 3578 etiam
593 3527 623 3579 S.
643 3529 673 3578 C.
688 3543 737 3594 per
749 3525 878 3575 discessio-

354 3612 411 3644 nem
421 3593 511 3664 fircera
527 3599 615 3663 eoepit.
633 3594 670 3644 M.
693 3591 806 3658 Scaliger
824 3593 876 3641 ita:

351 3662 398 3711 sed
414 3667 491 3712 etium
505 3681 555 3730 per
570 3681 597 3712 sc
614 3662 725 3713 Senatus
741 3662 875 3710 discessio-

353 3746 410 3786 nem
418 3728 510 3798 ferrera
525 3733 612 3798 coepit.

385 3817 453 3884 quod
470 3837 500 3868 ne
510 3817 593 3890 fieret
609 3847 641 3857 —
658 3823 796 3878 iusserunt,
813 3817 831 3866 i.
850 3835 874 3868 e.

350 3879 408 3943 boc,
419 3885 619 3955 prohibuerunt.
635 3885 687 3938 Sed
705 3889 801 3955 partina
818 3903 873 3935 non

349 3963 453 4021 poterat
466 3953 599 4006 Tribunus
637 3953 702 4004 lehis
715 3953 874 4022 simpliciter

348 4017 515 4136 lthibend‘)
536 4023 608 4090 impe
631 4022 680 4081 iri,
703 4021 800 4090 partina
820 4019 873 4072 du-

372 4088 446 4138 'tarit
461 4087 678 4157 Orrdcndorpius,
695 4107 728 4139 sn
744 4087 872 4138 Latinum

349 4155 413 4204 satis
435 4155 484 4214 sit,
501 4157 585 4217 irrbcu,
603 4175 633 4206 uc
656 4158 716 4224 quid
751 4167 803 4215 rut,
821 4156 871 4205 etsi

370 4217 533 4292 lcrorumque
550 4223 628 4274 codd.
647 4221 709 4275 baec
738 4223 805 4274 ectio
822 4229 871 4272 est.

348 4235 427 4354 {lund
451 4301 539 4340 autern
566 4291 593 4342 iu
611 4290 669 4342 aliis
693 4290 769 4342 arnald.
786 4307 871 4340 arasc-

349 4365 410 4402 irent
433 4373 479 4423 pro
500 4363 628 4408 iusserunt
649 4358 761 4424 legitur,
785 4357 813 4407 itl
831 4365 871 4407 cst

349 4416 436 4475 buius
453 4422 585 4486 verbum,
602 4443 685 4497 qoam
702 4442 751 4494 pro
768 4441 871 4476 summa

953 2277 1140 2336 contentione,
1169 2295 1223 2346 qua
1255 2285 1313 2330 turn
1337 2300 1364 2332 ca
1387 2298 1419 2329 res
1439 2277 1458 2326 iu

954 2345 1053 2396 sautu
1077 2345 1174 2412 agitata
1199 2352 1250 2394 est.
1276 2345 1365 2398 Lectio
1389 2361 1459 2397 rursus

954 2410 1021 2480 vulg.
1029 2415 1223 2462 intercesserunt
1231 2421 1377 2464 estansauu
1385 2430 1458 2464 ruran-

953 2479 1059 2530 datrico.
1085 2478 1152 2547 Ergo
1163 2478 1261 2531 scimus
1274 2481 1391 2550 quidem,
1404 2479 1458 2529 Coa·

953 2545 1023 2598 sales
1040 2546 1190 2616 amicosque
1214 2547 1338 2620 Pompeii
1353 2549 1458 2598 obsaiaisrs

952 2612 1061 2664 Curioni
1079 2613 1127 2664 linc
1145 2621 1203 2671 est,
1222 2614 1326 2667 cilice-rc
1344 2615 1455 2670 uoluisse¹

952 2697 985 2735 ue
1009 2681 1037 2730 iu
1053 2680 1176 2732 Curionis
1192 2685 1353 2738 seutentiam
1374 2685 1458 2736 iretur·

951 2765 1016 2798 neve
1037 2747 1178 2826 Pompeius
1203 2767 1311 2820 quoque
1333 2750 1456 2802 exercituin

951 2813 1085 2868 dimittere
1103 2813 1234 2866 rubersnu
1250 2822 1260 2881 (
1276 2819 1390 2887 Appian-
1411 2817 1458 2866 Cir.

951 2900 980 2939 2.
993 2898 1033 2945 27·
1047 2899 1107 2954 pdgg
1118 2891 1175 2946 444·
1187 2887 1341 2952 lucernalem
1354 2887 1456 2944 relisi-'li

950 2967 1013 3020 quac
1031 2969 1091 3000 vcro
1110 2949 1187 3000 verba
1205 2945 1310 3029 (Hirtius
1329 2951 1355 3003 lr.
1372 2952 1389 3004 l.
1405 2950 1457 3003 sene

949 3018 1045 3086 pserit,
1065 3018 1201 3068 nescimus.
1220 3017 1262 3069 M.

980 3085 1145 3136 discesserunt
1165 3083 1282 3162 plerique
1297 3087 1325 3137 iu
1339 3085 1402 3141 banc
1413 3101 1458 3134 scn-

948 3153 1072 3212 tautiom,
1085 3160 1116 3202 ut
1126 3151 1230 3220 utritpre
1242 3153 1385 3222 imperium
1397 3151 1459 3203 abra·

946 3227 1059 3284 geretur,
1071 3237 1157 3288 neque
1169 3219 1234 3289 adeo
1248 3219 1391 3290 Pompeius
1407 3221 1458 3269 (jar-

947 3285 997 3336 sari
1009 3287 1187 3356 praeferretur.
1200 3285 1252 3338 vid.
1268 3289 1385 3358 Appiau.
1402 3286 1456 3338 C·2‚

947 3349 987 3402 30.
1026 3391 1031 3401 .
1053 3355 1100 3418 446
1123 3361 1188 3406 extr.
1213 3353 1332 3406 Fortasse
1355 3373 1410 3424 ergo
1429 3351 1458 3402 le·

945 3372 1074 3486 genrlirnr:
1096 3420 1173 3487 utqui
1195 3425 1232 3470 itu
1257 3439 1314 3472 runs
1336 3439 1365 3471 co
1386 3421 1458 3468 asaal·¹

945 3499 1021 3538 route
1038 3488 1218 3546 dr'sresscrtntr
1237 3505 1301 3540 uam
1320 3507 1367 3540 nec
1381 3487 1458 3538 morle-

944 3555 1042 3613 rando,
1053 3572 1101 3605 nec
1113 3555 1280 3605 discesserunt
1292 3556 1325 3608 ad
1343 3553 1458 3607 consuls

944 3620 1035 3671 referri
1053 3629 1154 3690 potest;
1172 3620 1200 3672 hi
1214 3623 1289 3700 ‘erripn
1315 3641 1369 3673 non
1393 3620 1458 3673 erbr-

935 3685 1065 3739 ‘buisscnt
1085 3691 1269 3740 testimouium
1294 3689 1389 3740 favoris
1410 3706 1456 3753 erga

943 3755 1227 3825 Caes-¹1rem3sedquie
1244 3773 1267 3806 c.
1287 3756 1320 3805 53
1337 3757 1456 3828 sequitur,

943 3839 1066 3890 maguum
1091 3821 1138 3874 boc
1162 3823 1258 3873 fatoris
1281 3824 1456 3874 testimonium

943 3889 1037 3948 sarissa,
1055 3907 1159 3942 necesse
1176 3899 1231 3952 est,
1251 3899 1279 3940 u!
1303 3892 1332 3940 iu
1359 3890 1404 3940 boc
1423 3888 1456 3934 di·

941 3967 1080 4007 sacrament
1097 3958 1132 4008 sit
1150 3955 1292 4010 honorifica
1308 3959 1419 4009 &uatus
1429 3953 1457 4004 de

940 4023 1049 4074 Caesare
1063 4025 1225 4092 suffragatio.
1239 4025 1317 4075 Conf.
1331 4021 1454 4074 Plutarch.

940 4091 969 4141 in
987 4092 1112 4160 Pompeio
1129 4109 1151 4142 c.
1172 4095 1209 4142 58.
1229 4093 1270 4142 Μ.

974 4159 1120 4208 Marcellus.
1139 4159 1191 4209 rid.
1210 4155 1372 4210 Suetonlul.
1385 4174 1406 4208 c.
1420 4155 1456 4204 28.

939 4225 1035 4276 Retulit
1057 4226 1200 4278 Marcellus
1222 4227 1257 4277 cul
1279 4228 1412 4281 Senatum,
1428 4232 1452 4268 ul

939 4293 1048 4344 Caesari
1072 4305 1132 4344 arete
1155 4305 1250 4362 tempas
1275 4295 1453 4345 srrurcdereurr,

938 4373 963 4408 et
980 4378 1011 4408 ac
1028 4360 1137 4475 “Mem
1162 4365 1230 4412 ratio
1251 4363 1360 4412 emutils
1381 4355 1453 4408 tute·

936 4439 1017 4478 retra.
1066 4461 1073 4476 .
