2986 5268
310 355 389 416 sm.
424 353 496 414 vn.
533 355 625 416 oar.
669 323 838 416 11-rd.

39 561 283 658 caperentur,
323 557 422 656 quod
451 559 574 658 pontis
610 565 723 656 atque
751 559 927 632 itinerum
954 561 1148 658 angustiae

41 676 267 752 multitudini
295 675 423 774 fugam
450 675 750 749 intercluserant.
803 676 994 776 Oppidum
1021 676 1151 774 diripit

42 808 148 896 atque
174 794 359 884 incendit,
388 793 561 893 praedam
589 793 771 866 militibus
788 795 1151 884 donat,exercitum

40 917 195 1016 Ligerim
221 910 431 984 transducit
449 915 562 1007 atque
577 909 614 982 in
630 912 840 1009 Biturigum
859 910 948 982 lines
967 911 1150 1009 pervenit.

93 1049 147 1102 12.
176 1024 489 1122 Vercingetorix,
524 1025 588 1096 ubi
616 1025 661 1096 de
687 1025 852 1098 Caesaris
888 1026 1054 1098 adveatu
1090 1049 1153 1096 co·

42 1144 190 1244 gnovit‚
217 1141 494 1239 obpugnatione
522 1137 665 1213 destitit
690 1149 803 1237 atque
824 1141 973 1212 obviam
1002 1139 1152 1214 Caesari

42 1258 292 1359 proficiscitur.
356 1255 419 1326 llle
447 1251 624 1352 oppidum
652 1254 894 1357 Biturigum,
923 1259 1085 1358 positum
1114 1257 1152 1328 in

44 1379 125 1464 via,
149 1357 415 1448 Noviodunum
443 1373 658 1470 obpugnare
685 1375 911 1448 instituerat.
993 1379 1152 1467 Quaen

43 1490 172 1592 oppido
198 1514 313 1588 quum
340 1487 452 1586 legati
480 1487 526 1558 ael
554 1509 639 1558 enm
668 1491 876 1584 venissent,
901 1497 1080 1580 oratum,
1107 1495 1150 1564 ut

44 1611 105 1680 sibi
132 1609 338 1706 ignosceret
363 1625 524 1698 suaeque
553 1603 654 1676 vitae
681 1605 921 1692 consuleret3
949 1613 992 1678 ut
1018 1605 1153 1680 celeri·

44 1731 117 1796 tate
142 1719 301 1816 reliquas
328 1743 385 1790 res
412 1717 633 1807 conficeret,
661 1739 734 1815 qua
763 1718 935 1817 pleraque
963 1727 1044 1794 erat
1070 1743 1155 1792 con·

45 1841 214 1922 sei-utus,
240 1858 343 1904 arma
370 1831 546 1932 proferri,
573 1857 688 1930 equos
715 1833 892 1931 produci,
910 1833 1054 1906 obsides
1073 1834 1155 1908 dari

45 1953 154 2026 iubet.
182 1952 288 2022 Parte
315 1950 388 2020 iam
417 1945 588 2019 obsidum
614 1946 827 2038 transdlta,
866 1971 983 2048 quum
1012 1947 1155 2044 reliqua

46 2066 414 2152 administrarentur,
441 2059 730 2134 Centurionibus
756 2069 794 2135 et
814 2065 941 2160 paucis
968 2062 1150 2135 militibus

45 2181 285 2268 intromissis,
328 2180 390 2276 qui
432 2202 535 2250 arma
579 2179 819 2275 iumentaque
863 2176 1156 2274 conquirerent,

48 2301 231 2396 equitatus
259 2298 420 2368 bostium
437 2292 576 2394 ,procul
597 2295 698 2368 visus
716 2301 798 2384 est,
825 2297 886 2392 qni
915 2319 1048 2394 agmen
1067 2289 1158 2366 ver·

46 2416 280 2516 cingetorigis
298 2419 560 2486 antecesserat.
586 2415 710 2505 Quem
729 2405 955 2510 simulatque
982 2411 1156 2510 oppidani

42 2537 315 2630 conspexerunt
341 2534 453 2626 atque
480 2529 518 2600 in
544 2545 646 2624 spem
682 2527 809 2599 auxilii
838 2525 1158 2612 veneruut3'cla-

41 2674 146 2722 more
171 2646 320 2720 sublato
348 2669 452 2717 arma
478 2661 639 2742 capere,
680 2649 806 2741 portas
834 2641 1036 2734 claudere,
1070 2667 1159 2716 rnu-

39 2787 125 2836 rum
168 2759 354 2858 complere
392 2765 609 2854 coeperunt.
653 2760 900 2832 Centuriones
939 2759 976 2831 in
1021 2758 1158 2856 oppido

40 2903 157 2977 quum
194 2901 241 2951 ex
275 2873 542 2974 significatione
588 2873 782 2948 Gallorum
824 2876 911 2949 novi
947 2874 1086 2973 aliquid
1113 2877 1160 2948 ab

37 3001 98 3071 his
123 2997 207 3071 iniri
235 2993 377 3069 consilii
399 2991 691 3082 intellexissent,
717 2993 847 3092 gladiis
867 2995 1051 3069 destrictis
1073 3021 1162 3095 por-

34 3123 99 3187 tas
124 3117 433 3214 occupaverunt,
466 3129 626 3209 suosque
658 3135 786 3184 omnes
817 3111 1023 3186 incolumes
1057 3137 1163 3187 rece·

34 3238 319 3420 Ρθῑηδῗιὲεεεατ
345 3367 392 3414 ex
418 3341 550 3414 castris
576 3341 786 3437 equitatum
806 3339 912 3414 educi
935 3341 1039 3415 iubet
1058 3365 1163 3442 proe-
1228 3391 1229 3396 =

30 3461 208 3558 liunque
235 3463 404 3556 equestre
432 3457 666 3528 committit:
702 3453 957 3528 laborantibus
983 3457 1058 3528 iarn
1086 3457 1163 3528 suis

33 3576 253 3648 Germanos
293 3575 435 3670 equites
461 3571 610 3645 circiter
637 3570 701 3643 CD
735 3568 954 3659 submittit,
996 3592 1089 3666 quos
1114 3569 1161 3640 ab

74 3974 245 4027 multitudini.
262 3974 319 4028 Alii
336 3975 512 4027 amitiendinis.
642 3973 726 4026 adun
737 3975 777 4024 vir
787 3971 832 4025 ille
845 3971 939 4026 doetus
952 3981 983 4024 'et
1000 3971 1068 4026 banc
1086 3991 1163 4025 eaus-

79 4065 267 4178 Ψ
478 4063 530 4116 ἀ
551 4083 573 4116 0·
634 4035 1168 4170 tununnensisrariter·

33 4135 68 4199 9)
112 4138 199 4186 “m
217 4135 255 4186 Μ’
273 4135 341 4186 vm
359 4143 449 4184 noum
467 4133 499 4184 nd
516 4143 573 4196 Μ’
640 4127 785 4230 lleitnriunrlr
812 4113 1164 4245 biblbcb'patddnnumld

75 4238 164 4290 Biturs
183 4261 239 4312 pos.
261 4245 288 4291 r'n
309 4244 359 4290 vla.
411 4241 489 4294 llaec.
508 4243 572 4312 qiua
640 4242 704 4293 lines
719 4241 861 4310 Biturigum
872 4242 967 4293 Caesar
997 4243 1164 4294 rosectussir.

31 4305 148 4380 absumi
170 4327 183 4358 a
209 4309 338 4378 plerisque
360 4308 435 4360 codd.
461 4319 487 4360 et
511 4309 571 4360 edd.
641 4310 678 4359 M.
696 4309 826 4360 Videntur
842 4312 952 4360 omnino
988 4307 1088 4360 alenda.

30 4375 572 4446 autrqnis,0udendorprusrescmrivnlt.
673 4382 814 4427 comannis.
833 4376 888 4428 Alii
904 4380 1033 4428 committi.
