2986 5268
314 373 499 436 rrn.v11.
534 377 627 436 cnr.
664 346 839 470 79-81.
1052 349 1141 444 301

32 573 201 664 moesti,
224 596 339 674 prope
365 575 526 652 victoria
551 575 769 676 desperata,
807 603 847 652 se
885 579 924 652 in
965 581 1151 680 oppidum

32 694 272 788 receperunt.
603 745 605 756 ,

84 803 148 874 81.
175 803 259 876 Uno
277 802 336 876 die
352 804 563 880 intermisso
582 804 699 898 Galli,
719 813 832 906 atque
851 807 923 882 hoc
941 809 1062 906 spatio
1079 833 1153 886 ma·

31 939 109 1016 gno
123 918 308 1008 cratium,
331 917 537 1010 scalarum,
558 921 814 1022 harpagonum
832 945 988 996 numero
1006 921 1152 1013 ellectu,

31 1033 158 1108 media
184 1041 296 1108 nocte
322 1034 469 1110 silentio
495 1059 542 1108 ex
567 1041 698 1112 eastris
723 1040 886 1138 egressi,
926 1037 973 1110 ad
999 1063 1151 1136 campe·

31 1156 131 1224 stres
157 1153 381 1226 munitiones
407 1151 604 1228 accedunt.
630 1155 765 1231 Subito
791 1155 954 1233 clamore
981 1157 1154 1248 sublato,

31 1294 110 1366 qua
136 1267 434 1370 significatione,
459 1270 522 1366 qui
548 1271 587 1344 in
614 1271 750 1370 oppido
785 1271 1079 1364 obsidebantur,
1105 1273 1152 1348 de

29 1409 103 1456 suo
130 1383 297 1458 adventu
336 1407 560 1484 cognoscere
599 1391 770 1484 possent,
795 1392 917 1462 crates
943 1387 1152 1485 proiicere,

30 1496 184 1587 lundis,
209 1498 375 1598 sagittis,
391 1497 575 1598 lapidibus
592 1508 739 1576 nostros
757 1501 802 1576 de
820 1501 918 1576 vallo
938 1501 1152 1592 deturbare,

30 1615 268 1713 reliquaque,
293 1638 388 1711 quae
414 1613 461 1688 ad
488 1613 803 1715 obpugnationem
843 1618 1054 1716 pertinent,
1083 1619 1154 1695 ad-

30 1736 256 1808 ministrare.
280 1730 422 1806 Eodem
448 1737 638 1830 ternpore,
673 1732 836 1807 clamore
863 1732 1060 1825 exaudito,
1087 1735 1155 1812 dat

30 1848 129 1922 tuba
152 1835 300 1948 signum
318 1847 391 1924 suis
410 1847 694 1947 Vercingetorix
715 1853 827 1944 atque
847 1869 894 1924 ex
915 1847 1052 1946 oppido
1073 1847 1156 1926 edu·

31 1967 99 2040 cit.
125 1965 279 2052 Nostri,
305 1971 350 2038 ut
366 1964 616 2063 superioribus
635 1962 764 2036 diebus
782 1985 871 2036 suus
890 1958 1026 2062 cuique
1044 1961 1156 2042 locus

31 2084 118 2152 erat
143 2077 340 2168 definitus,
367 2077 413 2150 ad
440 2077 663 2150 munitiones
689 2076 895 2163 accedunt;
934 2076 1079 2167 fundis,
1107 2077 1157 2150 li·

38 2187 199 2266 brilibus
231 2190 478 2288 sudibusque,
520 2210 611 2290 quas
655 2192 694 2264 in
732 2215 842 2290 opere
879 2191 1155 2290 disposuerant,

33 2329 77 2382 ac
98 2301 293 2404 glandibus
320 2304 446 2382 Gallos
480 2311 701 2404 perterrent.
739 2305 944 2403 Prospectu
988 2305 1178 2378 tenebris*

34 2421 210 2510 ademto,
234 2417 355 2496 multa
381 2421 570 2518 utrimque
591 2422 743 2496 vulnera
764 2423 1021 2520 accipiuntor3
1048 2445 1155 2496 corn·

33 2539 145 2640 plura
168 2540 367 2612 tormentis
391 2537 467 2612 tela
493 2538 754 2616 coniiciuntur.
806 2539 858 2614 nt
884 2540 937 2612 M.
964 2540 1156 2616 Antonius

34 2659 73 2726 et
99 2653 143 2725 C.
169 2653 402 2743 Trebonius,
428 2653 584 2752 Legati,
611 2653 745 2749 quibus
772 2677 836 2728 eae
863 2657 988 2751 partes
1014 2653 1062 2730 ad
1089 2651 1154 2726 de·

34 2768 262 2844 lendendum
288 2768 545 2858 obvenerant,
571 2793 645 2867 qua
671 2793 718 2844 ex
735 2777 839 2869 parte
859 2776 1005 2846 nostros
1034 2771 1154 2869 premi

33 2884 321 2970 intellexerant,
347 2886 392 2958 iis
417 2885 554 2958 auxilio
579 2909 626 2959 ex
645 2884 886 2962 ulterioribus
913 2886 1074 2962 castellis
1099 2887 1157 2960 de·

36 3003 174 3076 ductos
201 2999 488 3074 submittebant.
1004 3017 1006 3022 ’

85 3115 151 3194 82.
176 3117 277 3190 Dum
302 3114 449 3216 longius
469 3115 515 3190 ab
533 3115 742 3192 munitione
762 3116 919 3193 aberant
934 3115 1032 3192 Galli
1048 3171 1060 3207 ,
1076 3115 1159 3216 plus

67 3486 224 3544 campestres
245 3475 396 3526 marsiliam
419 3477 485 3525 sunt
507 3488 570 3533 aas,
669 3469 802 3522 inritum.
855 3466 967 3522 Lsssrilia
993 3468 1162 3542 adpellantnr

40 3561 108 3616 quas
124 3561 147 3594 c.
166 3553 206 3608 74.
223 3541 370 3611 descripsit.
399 3539 432 3592 lu
448 3539 569 3609 aequiore
636 3539 812 3616 instrumenta
838 3533 957 3615 bellica,¹
974 3555 1035 3590 saxa
1055 3538 1163 3615 ¹scilicet

37 3611 97 3667 loeo
117 3611 198 3662 neue
215 3617 299 3662 erant.
319 3609 362 3660 Μ.
637 3605 672 3658 ad
696 3603 797 3656 bracbn
820 3603 1034 3664 crassitudinem.
1053 3623 1081 3658 rn
1107 3623 1188 3656 mom

69 3677 145 3730 vallo
161 3677 304 3726 &tantm
338 3673 479 3744 Scioppius
496 3689 569 3742 susp·
638 3671 703 3724 dum
722 3669 882 3739 flagellorum
896 3669 959 3722 loris
972 3671 1095 3724 revincta.
1113 3671 1164 3722 Fe·

38 3743 100 3797 leet.
121 3759 151 3804 2,
173 3751 211 3806 14.
232 3760 291 3794 cum
313 3739 372 3794 aliis
395 3739 494 3794 mavult
513 3755 572 3808 per·
639 3752 700 3790 sens.
713 3739 805 3792 Graec.
822 3736 950 3808 metnpbr.
962 3745 1040 3796 lisiae
1053 3737 1163 3806 aquilone

39 3813 164 3866 tar-bara,
181 3810 343 3878 proturbare.
639 3807 719 3858 vertit
730 3805 767 3854 M.
782 3805 815 3856 Et
827 3805 939 3874 seiungit
952 3809 1079 3884 epistim-
1097 3805 1164 3858 Edd.

71 3880 268 3929 adminstrare.
314 3875 398 3928 codd.
418 3873 572 3946 quidamst
639 3871 767 3942 quaedem
792 3872 942 3932 libralitus,
967 3873 1060 3924 inritis
1087 3869 1165 3924 codd.

41 3945 103 3996 edd.
122 3951 186 3995 vett.
199 3943 298 3996 addunt
313 3949 462 4013 parant,ut
480 3941 574 3992 Caesar
640 3947 668 3991 et
685 3937 745 3990 edd.
763 3947 826 3989 vert.
853 3937 940 3991 Habet
956 3947 1044 3992 tamen
1062 3938 1166 3990 libralia

15 4017 23 4028 '
44 4013 124 4063 solet.
144 4009 197 4062 sed
215 4009 272 4063 heic
289 4028 373 4064 sermo
391 4019 430 4061 est
447 4007 480 4060 da
517 4025 574 4059 raa-
641 4023 707 4057 roxa
720 4006 839 4070 vegetius
851 4021 879 4063 2,
893 4005 932 4056 23.
948 4005 1074 4057 Cellnrius
1088 4005 1168 4058 refert

44 4080 131 4139 senti,
148 4093 204 4128 nori
222 4077 254 4130 de
273 4077 369 4128 laturo.
405 4077 439 4128 Et
455 4025 520 4127 alibi
536 4074 574 4126 sic
641 4071 674 4126 ad
694 4075 801 4143 filtreis,
829 4069 923 4144 quibus
948 4073 1046 4142 lapides
1070 4071 1168 4126 libriles

42 4155 151 4206 noster,
174 4147 308 4206 utr,16.
331 4143 361 4196 C.
379 4159 408 4206 2,
432 4159 473 4194 ao.
491 4139 518 4200 3,
544 4157 574 4194 ra
643 4141 813 4195 iaciebantur.

47 4223 210 4352 ειῗὶιεβιιίτω.
252 4277 296 4332 sie
318 4275 377 4330 cod.
402 4273 526 4330 Andiros
548 4282 577 4327 et
674 4287 828 4345 perterrent.
845 4273 901 4354 ¹Alii
915 4287 1081 4356 pererrent,
1099 4269 1169 4352 qnod

44 4345 133 4398 Onon.
156 4346 244 4416 Vulgo
270 4347 461 4406 morimeam
483 4343 575 4414 glossa·
643 4340 696 4395 buc
721 4361 776 4396 non
802 4344 885 4404 laert,
910 4359 965 4396 non
991 4361 1063 4396 enan
1087 4341 1172 4412 iugata

45 4413 125 4466 Cous.
142 4412 260 4467 Gronov.
278 4413 311 4466 ad
328 4410 384 4464 niv.
405 4409 456 4478 3⁵,
473 4427 498 4478 7.
645 4410 747 4468 hostes,
764 4419 794 4462 nt
812 4415 839 4470 5,
859 4415 899 4465 58.
