3040 5264
631 344 646 382 t

395 429 476 493 un.
509 427 569 492 111.
603 427 695 492 can.
733 415 842 523 4-7.
1107 429 1160 523 9¹

59 637 150 716 libm
177 661 220 710 ac
247 631 512 710 tantummodo
539 631 612 707 tela
636 634 745 706 missa
764 635 979 733 exciperent
996 655 1108 730 seque
1125 660 1172 712 ex

60 753 187 827 labore
213 751 434 827 reficerent:
462 758 544 850 post
572 753 658 824 dato
686 753 790 852 signo
819 775 868 831 ex
892 756 1022 827 eastris
1050 779 1173 830 erum·

61 881 192 974 pei-ent
208 881 320 970 atque
337 896 486 945 omnem
505 895 606 969 spem
622 869 750 944 salutis
769 871 806 942 in
821 872 963 945 virtute
978 881 1173 972 ponerent.
1272 967 1275 976 ,

112 991 149 1064 o.
175 990 286 1086 Quod
310 989 397 1062 iussi
432 995 545 1077 sunt,
579 987 720 1061 faciunt
747 1013 812 1078 ac,
846 987 972 1062 subito
999 989 1172 1068 omnibus

62 1107 180 1205 portis
197 1105 391 1203 eruptione
410 1103 534 1194 facts,
558 1125 676 1199 neque
703 1102 973 1202 cognoscendi,
1000 1105 1089 1208 quid
1107 1106 1176 1180 sie-

62 1224 143 1310 ret,
169 1243 288 1318 neque
314 1219 370 1292 sui
397 1216 603 1318 conligendi
633 1215 801 1310 hostibus
828 1213 1175 1292 facultatemrelin·

66 1339 200 1430 quunt.
260 1333 317 1405 lta
344 1336 579 1406 commutata
605 1331 777 1420 fortuna,
808 1353 892 1420 eos,
917 1331 981 1428 qui
1008 1331 1045 1403 in
1072 1357 1176 1430 spem
1296 1357 1298 1362 ·

65 1449 332 1549 potiundorum
359 1453 568 1538 castrorum
596 1451 798 1543 venerant,
826 1445 988 1548 undique
1016 1449 1178 1522 circum·

67 1569 201 1636 ventus
227 1561 458 1636 interficiunt
485 1567 523 1632 et
549 1583 597 1632 ex
623 1559 818 1640 hominum
844 1559 995 1632 milibus
1020 1563 1179 1669 amplius
1294 1576 1298 1586 “

68 1677 241 1777 triginta,
258 1699 368 1772 quem
384 1699 582 1748 numerum
598 1675 843 1748 barbarorum
862 1672 908 1748 ad
926 1679 1047 1752 castra
1062 1665 1180 1751 venisss

68 1817 105 1866 se
132 1796 354 1881 constabat,
379 1791 461 1891 plus
488 1793 599 1864 tertia
626 1797 729 1890 parte
763 1775 985 1883 interfecta,
1021 1794 1181 1898 reliquos

70 1911 287 2010 perterritos
303 1909 342 1980 in
361 1908 487 2008 lugam
508 1909 712 1981 coniiciunt
739 1933 782 1981 ac
803 1933 848 1980 ne
865 1911 902 1980 in
922 1907 1012 1982 locis
1031 1913 1181 2010 quide'm

71 2025 322 2122 superioribus
349 2023 550 2096 consistere
577 2024 784 2120 patiuntur.
810 2023 892 2112 Sic,
914 2025 1086 2098 omnibus
1113 2028 1184 2100 lio-

72 2129 187 2213 stlum
202 2139 318 2240 copiis
336 2137 426 2210 lusis
445 2140 630 2234 armisque
649 2140 792 2228 exutis,
810 2163 848 2212 se
865 2140 904 2211 in
924 2147 1045 2214 castra
1065 2147 1185 2218 muni-

72 2261 266 2355 tionesque
291 2280 376 2328 snas
403 2256 599 2354 recipiunt.
655 2257 741 2346 Quo
768 2254 908 2354 proelio
936 2257 1057 2348 facto,
1084 2261 1185 2361 quod

74 2375 218 2471 saepius
237 2371 427 2447 fortunam
448 2375 593 2442 tentare
613 2367 733 2442 Galba
748 2369 899 2444 uolebat
914 2377 1027 2467 atque
1041 2371 1114 2446 alio
1133 2399 1187 2446 se·

75 2488 168 2558 sein
187 2484 342 2557 hiberna
360 2481 513 2556 consilio
533 2485 675 2556 venisse
695 2484 935 2574 meminerat,
953 2485 1032 2558 aliis
1052 2509 1189 2558 occur-

75 2599 162 2673 risse
189 2599 300 2672 rebus
322 2585 485 2685 viderat3
505 2599 666 2671 maxime
684 2597 860 2670 frumenti
881 2605 1187 2705 commeatusque

76 2717 199 2813 inopia
226 2721 438 2812 permotus,
465 2719 614 2814 postero
636 2713 694 2788 die
712 2713 884 2794 omnibus
902 2716 980 2788 eius
998 2715 1072 2788 vici
1091 2717 1191 2790 aedi·

78 2831 167 2907 ficiis
199 2832 382 2920 incensis,
408 2833 446 2904 in
471 2830 705 2929 provinciam
731 2829 869 2902 reverti
896 2831 1110 2904 contendit:
1143 2859 1187 2908 ac

78 2947 179 3020 nullo
206 2949 312 3020 hoste
340 2944 581 3047 probibente,
608 2951 675 3021 aut
700 2948 772 3026 iter
794 2945 1030 3036 demorante,
1048 2949 1202 3030 incolo--

78 3088 178 3137 mem
202 3062 387 3163 legionem
413 3063 451 3135 in
486 3062 713 3146 Nantuatis,
753 3061 839 3136 inde
877 3063 916 3136 in
941 3065 1190 3168 Allobrogas,

79 3171 279 3280 perduxit,
303 3177 428 3274 ibique
455 3175 675 3250 hiemavit.-

132 3317 165 3388 7,
182 3295 262 3374 'His
279 3293 389 3374 relius
406 3292 537 3393 gestis,
557 3316 672 3390 quum
693 3293 866 3366 omnibus
886 3291 931 3366 de
950 3298 1088 3370 caussis
1102 3299 1194 3372 Cae-

82 3431 139 3480 aar
152 3413 327 3507 pacatam
345 3405 503 3488 Galliam
520 3408 766 3494 existimaret,
781 3408 963 3504 superatis
979 3409 1118 3511 Belgis,
1132 3433 1194 3482 ex·

83 3525 193 3625 pulsis
213 3525 431 3614 Germanis,
451 3525 561 3597 victis
579 3525 617 3598 in
635 3523 790 3624 Alpibus
808 3525 984 3616 Sedunis,
1004 3535 1114 3624 atque
1141 3529 1195 3605 ita

84 3639 172 3714 inita
199 3639 322 3716 hieme
347 3637 536 3736 Illyricum
557 3639 746 3738 profectus
764 3645 881 3727 esset,
901 3641 1001 3737 qnod
1019 3648 1081 3715 'eas
1099 3665 1197 3740 quo-

115 3837 145 3869 eo
173 3831 316 3872 mmm.
347 3815 484 3885 advolare,
503 3835 529 3868 v.
546 3813 606 3878 lud.
706 3817 825 3870 diximus.
850 3816 905 3872 vid.
932 3835 966 3878 2,
990 3825 1031 3874 25.
1052 3819 1118 3873 llam
1145 3817 1196 3878 lroe

87 3882 128 3936 rlii
145 3903 306 3938 comui-rare.
394 3953 401 3964 ι
474 3937 478 3948 ,
584 3891 589 3910 '
672 3887 760 3964 eapite
772 3885 933 3960 descriptam
944 3884 1042 3962 adtigit
1053 3887 1106 3942 Dio
1123 3887 1195 3947 Cass.

117 3971 168 4004 non
184 3955 261 4008 modo
277 3952 411 4026 defessos.
429 3953 608 4030 anonnvpdo
673 3955 727 4020 39,
745 3956 769 4004 5.
786 3953 829 4005 Μ.

88 4035 135 4070 nori
150 4023 270 4096 dqjtsso,
287 4029 318 4072 ut
334 4039 371 4087 π,
392 4037 431 4087 17.
448 4028 475 4073 ot
489 4019 517 4074 b.
536 4019 608 4078 Gall.
698 4024 735 4070 ·in
751 4037 818 4088 spem
835 4047 867 4060 -
885 4033 1014 4074 venerum.
1031 4019 1076 4074 Sic
1099 4021 1197 4102 ¹aiamim.

114 4087 217 4206 ’addire
239 4155 385 4215 demut.
410 4153 456 4209 Sis
481 4153 558 4207 codd.
582 4161 610 4206 et
673 4101 739 4223 :pel
753 4087 1050 4210 lrodstoddmllcnldlille
1096 4107 1196 4144 meon·

23 4279 24 4288 ἵ
91 4217 144 4270 edd.
166 4231 232 4274 vett.
273 4219 415 4275 tsctVsl.
439 4219 511 4275 Mix.
535 4226 610 4279 5,1.
710 4223 888 4282 accerrimam
899 4239 1006 4274 cascesa
1015 4219 1148 4280 incidisse.
1158 4219 1199 4276 M.

27 4663 38 4869 l

92 4295 140 4338 ext.
158 4285 182 4340 3.
199 4287 328 4342 Heinsius
345 4291 465 4359 reposuit
488 4301 610 4354 nostros,
709 4287 853 4365 [tigrim.
878 4289 961 4342 Codd.
989 4289 1097 4361 quidam
1124 4307 1200 4407 pras·

93 4355 160 4421 quod
176 4364 203 4407 at
219 4355 279 4409 aliis
302 4355 410 4424 placuit.
454 4389 458 4405 ι
587 4377 591 4386 ·
677 4356 809 4425 positione
827 4365 932 4417 camut,
952 4355 1024 4428 quod
1045 4365 1073 4410 st
1089 4355 1123 4407 ali
1144 4357 1153 4406 i
1171 4358 1200 4408 in

120 4423 250 4486 perducta.
279 4421 391 4494 Scaliger
417 4443 449 4478 ax
477 4421 612 4478 Cinemnii
677 4421 831 4478 iiomiuibus
844 4426 982 4494 regium
999 4421 1201 4482 observatum.

94 4489 238 4549 coniectura
254 4487 368 4543 debus.
677 4489 749 4545 oud.
