3060 5276
344 261 438 366 474
533 271 588 332 ou
613 271 745 330 sunno
764 269 889 330 crvrm
918 269 995 330 niu.
1016 271 1058 330 u.
1082 271 1171 330 our.
1192 239 1269 354 43.
1288 256 1371 358 44.
1424 350 1437 385 ,

343 473 391 548 sd
418 469 582 548 officium
609 471 880 569 imperiumque
906 473 1209 546 conveniebant:
1251 471 1318 546 scd
1344 478 1468 550 tanta

342 593 447 676 erat,
473 585 667 684 completis
685 584 876 676 litoribus,
902 587 1118 678 contentio,
1136 589 1199 684 qui
1218 589 1466 684 potissimum

284 747 289 760 ·
340 727 388 780 ex
415 729 550 804 magno
586 723 741 775 uumero
769 700 1094 792 conscenderent,
1129 710 1172 774 ut
1210 701 1464 778 multitudiue

339 825 453 916 atque
479 841 589 892 onere
615 815 784 890 nonnulli
809 816 1136 914 deprimerentur,
1162 813 1295 912 reliqui
1322 817 1373 887 ob
1404 820 1461 891 ti·

337 957 483 1008 morem
509 935 659 1034 propius
685 933 787 1006 adire
813 931 1069 1004 tardarentur.

390 1059 452 1140 44.
478 1051 623 1144 Quibus
649 1050 759 1122 reb'us
785 1047 945 1136 accidit,
986 1053 1030 1120 ut
1062 1047 1174 1144 pauci
1207 1044 1343 1118 milites
1385 1071 1460 1142 pa-

336 1171 486 1261 tresque
512 1161 701 1252 familiae,
737 1163 799 1259 qui
827 1167 893 1234 aut
919 1162 1068 1262 gratia,
1107 1165 1174 1232 aut
1199 1159 1460 1232 misericordia

336 1281 537 1370 valerent,
579 1287 647 1352 aut
673 1301 785 1352 naves
810 1277 947 1350 adnare
973 1281 1157 1376 possent,
1196 1275 1372 1374 recepti,
1416 1279 1459 1352 iu

342 1393 508 1468 Siciliam
552 1391 757 1464 incolumes
783 1391 1046 1490 pervenirent:
1086 1387 1249 1484 reliquae
1292 1390 1460 1487 copiae,

343 1511 463 1584 missis
481 1507 527 1582 ad
544 1511 687 1582 Varum
709 1516 848 1598 noctu,
880 1503 1090 1606 legatorum
1104 1527 1283 1592 numero,
1309 1505 1461 1582 Centu-

221 1619 228 1646 ⁸
337 1627 528 1714 sionibus,
554 1649 631 1696 sese
658 1627 690 1696 ei
717 1622 966 1696 dediderunt:
994 1647 1156 1722 quorum
1182 1623 1361 1696 cohortes
1390 1629 1460 1702 mi-

335 1741 446 1817 litum
474 1749 624 1840 postero
659 1742 716 1814 die
743 1748 829 1814 ante
856 1740 1034 1840 oppidum
1069 1741 1161 1814 Iuba
1187 1744 1457 1840 conspicatus,

336 1883 442 1934 suam
484 1881 560 1930 esse
587 1855 804 1956 praedicans
842 1855 1048 1955 praedam,
1090 1881 1265 1960 magnam
1302 1868 1456 1956 partem

336 1999 469 2050 eorum
507 1973 667 2048 interfici
702 1973 839 2060 iussit3
881 1997 1022 2073 paucos
1047 1973 1185 2052 electos
1210 1979 1247 2050 iu
1275 1975 1456 2080 Regnum

314 2087 492 2173 remisit.
518 2096 646 2184 Quum
671 2091 793 2164 Varus
819 2113 926 2164 suam
951 2089 1062 2162 fidem
1088 2091 1136 2164 ab
1163 2117 1206 2166 eo
1232 2091 1331 2168 laedi
1359 2121 1456 2194 qun-

334 2217 508 2296 reretur,
536 2231 654 2306 neque
681 2205 1057 2280 resistereauderet:
1084 2209 1161 2306 ipse
1188 2233 1284 2309 equo
1313 2215 1353 2286 in
1385 2242 1453 2318 op-

335 2323 463 2424 pidum
491 2327 653 2410 vectus,
677 2320 986 2430 prosequentibus
1012 2321 1266 2422 compluribus
1291 2329 1452 2407 Senato-

335 2441 465 2530 ribus,
504 2439 643 2536 quoin
671 2459 826 2510 numero
853 2441 933 2508 erat
958 2437 1039 2508 Ser.
1066 2436 1252 2536 Sulpicius
1279 2449 1319 2516 et
1346 2446 1451 2520 Lici.

334 2559 419 2630 nius
444 2555 720 2650 Damasippus,
754 2551 883 2650 paucis
910 2548 1067 2636 diebus,
1105 2575 1201 2648 quae
1227 2553 1308 2630 lieri
1335 2559 1450 2632 vellet

335 2667 492 2754 Uticae,
536 2667 734 2738 constituit
760 2669 872 2761 atque
913 2663 1145 2761 imperavit,
1171 2666 1302 2742 dicbus
1328 2696 1448 2770 aeque

338 2787 426 2878 post
451 2779 579 2877 paucis
603 2801 641 2850 se
667 2779 707 2852 in
732 2779 904 2876 Regnum
930 2801 1016 2852 cum
1043 2779 1217 2852 omuibus
1242 2785 1361 2882 copiis
1388 2811 1449 2858 re-

336 2896 448 2995 cepit.

335 3100 386 3152 lert
398 3117 404 3148 ε
420 3109 569 3168 pernoctem
577 3101 604 3146 in
614 3097 747 3150 lenunculo
752 3103 854 3168 piscari.

331 3167 365 3224 Iu
376 3167 466 3236 glossis
473 3163 594 3218 scribitur
604 3165 771 3228 lemurrcutus,
782 3167 855 3237 quod

353 3245 410 3286 utus
434 3255 449 3288 a
471 3229 637 3282 lcrnbunculus
662 3241 779 3298 ortum,
799 3251 853 3304 quo

332 3253 441 3356 l‘acitus
462 3308 511 3363 14,
530 3304 544 3350 5
564 3319 625 3352 usus
641 3307 689 3352 cst.
707 3301 761 3354 Sed
773 3303 854 3354 etiarn

331 3368 854 3494 nltssrrratunnmt

331 3502 401 3572 quod
425 3501 556 3569 vulgarem
577 3503 734 3571 scripturum
757 3499 852 3554 contir-

328 3577 394 3620 mat.
408 3567 544 3622 cauare...
561 3567 602 3620 De
619 3587 645 3620 ru
662 3567 773 3620 omuino
790 3571 853 3620 con·

328 3635 413 3688 scutit
430 3636 592 3706 Appisuus3
621 3635 649 3684 iu
667 3635 756 3712 paucis
773 3651 852 3706 quae-

328 3699 390 3754 dum
402 3699 538 3754 diversitos
556 3709 603 3754 est.
621 3699 677 3771 Qui
688 3699 731 3753 bic
742 3703 852 3758 naunur

329 3768 449 3836 magistri
477 3767 618 3829 dicuutur,
649 3769 668 3818 ii
696 3777 760 3821 suut
780 3769 852 3839 uprul

329 3835 483 3904 Appianum
501 3850 536 3894 a,
559 3837 598 3898 46.
618 3842 728 3906 ἔμποροι,
749 3842 777 3888 et
792 3855 851 3889 eiua

326 3899 514 3954 seraoudarum
532 3899 700 3972 rcliquiurum
722 3905 851 3957 exercitus

330 3967 460 4020 tribuitur
488 3969 568 4020 etiam
595 3969 690 4021 Asinio
716 3969 849 4036 Pollioni,

328 4037 377 4150 ppei
391 4053 451 4089 cum
463 4035 551 4106 paucis
568 4055 582 4087 c
601 4033 700 4105 proelio
714 4037 849 4108 effugerat.

328 4168 684 4308 brrldririirliziliurrmggdtisn
694 4171 849 4290 effctibl.

328 4299 375 4354 scd
392 4310 417 4354 et
435 4301 469 4356 G.
489 4307 503 4352 5
513 4342 523 4366 ,
541 4313 581 4370 27.
599 4311 688 4360 noster
705 4304 783 4357 habet
806 4305 849 4356 ut·

921 3100 1003 3152 siclum
1021 3118 1126 3150 meruero
1143 3101 1229 3166 (idest
1245 3103 1341 3170 loco),
1371 3109 1445 3176 quod

921 3186 975 3218 nou
993 3167 1144 3220 intellexere
1161 3167 1268 3221 librarii.

953 3253 1061 3303 quonam
1082 3233 1199 3286 cohortes
1222 3239 1341 3289 militum.
1366 3237 1443 3292 Laid.

923 3318 944 3351 ι.
957 3321 1064 3418 priorum
1085 3301 1227 3354 cotoneum
1242 3305 1357 3372 milites,
1388 3325 1443 3360 nun

920 3385 961 3420 ura
974 3387 997 3419 e.

952 3434 1061 3506 beterfici
1077 3439 1158 3487 iussit.
1192 3437 1222 3488 lu
1240 3439 1382 3492 mocuibus
1398 3461 1441 3491 ene

919 3499 1068 3572 disposuit,
1094 3513 1122 3554 ct
1138 3505 1174 3554 ita
1193 3507 1326 3576 expositos
1344 3517 1438 3577 spectr-

918 3567 979 3620 culo
1008 3569 1066 3622 telis
1091 3569 1183 3640 cordigi
1208 3573 1294 3624 iussit.
1322 3575 1438 3644 Appian.

918 3639 1017 3755 tall..
1028 3637 1306 3766 li.i.⁵.l'.}.iliiffi‘f
1324 3659 1438 3779 iffi]

918 3769 977 3822 iana
1002 3769 1080 3822 lirctio
1106 3767 1198 3824 tubam
1230 3773 1325 3841 Regem
1349 3775 1437 3844 adpel-

917 3835 1028 3889 landum
1045 3855 1100 3890 csso
1116 3835 1255 3904 decrevit}
1284 3837 1438 3894 Caesariana

916 3921 976 3956 vero
995 3905 1072 3957 tactio
1089 3901 1218 3956 bocctun
1240 3914 1267 3957 et
1284 3905 1436 3976 Bogudem.

916 3969 1003 4024 hostes
1021 3971 1087 4024 Pom
1121 3971 1160 4030 ii.
1182 3971 1263 4024 simili
1280 3971 1381 4028 bonore
1399 3997 1437 4028 or·

916 4039 997 4090 navit.
1016 4037 1068 4090 Dio
1108 4057 1158 4090 uss.
1178 4049 1231 4106 41,
1251 4051 1290 4104 42.
1308 4041 1352 4092 M.

948 4107 1032 4156 diebus
1049 4123 1128 4176 oeque
1142 4123 1168 4174 p.
1185 4123 1210 4175 p.
1258 4109 1301 4160 Sic
1319 4113 1436 4162 restituit

915 4170 1016 4224 ccodd.
1034 4181 1059 4222 ot
1075 4171 1136 4226 cdd.
1155 4181 1219 4225 vett.
1237 4173 1305 4227 oud.
1323 4177 1369 4229 Sic
1382 4197 1434 4230 uou

915 4257 981 4308 opus
998 4240 1048 4290 crit
1065 4258 1126 4292 eum
1143 4239 1244 4294 luriuio
1261 4241 1346 4295 delere
1362 4249 1434 4316 prius

911 4309 999 4374 porrois
1014 4306 1108 4358 diebus.
