3028 5258
686 357 741 416 nu
778 349 914 432 bruun*
945 361 1072 420 crum

325 319 417 444 544

322 581 393 654 que
432 555 597 632 studium
632 558 806 634 infamiae
853 557 1111 652 sarciendae‚'
1137 569 1181 636 ut
1217 577 1327 636 nemo
1365 567 1439 636 aut

322 675 477 750 Tribuni
506 685 574 754 aut
604 677 838 752 Centurionis
868 679 1067 777 imperium
1097 677 1360 770 desideraret,
1397 689 1439 754 et

319 793 387 866 sibi
422 794 578 894 quisque
609 795 897 893 ctiampoenae
928 794 1012 868 loco
1047 797 1239 896 graviores
1274 800 1440 898 inpone-

318 912 379 980 ret
417 905 562 982 labores
609 907 794 1007 simulque
844 925 972 986 ornnes
1012 909 1186 986 arderent
1225 913 1438 1012 cupiditate

321 1022 536 1122 pugnandir
563 1045 689 1122 quum·
707 1023 911 1124 superioris,
933 1025 1047 1100 etiam
1075 1025 1213 1099 ordinis
1239 1025 1440 1116 nonnulli,

321 1139 489 1213 oratione
513 1143 702 1238 permoti,
728 1139 961 1216 manendum
981 1159 1027 1216 eu
1045 1141 1129 1216 loeo
1156 1149 1195 1216 et
1223 1157 1308 1218 rem
1326 1168 1441 1244 proe-

321 1251 372 1326 lio
399 1255 707 1330 committendam
734 1257 1003 1330 existimarent.
1063 1249 1204 1332 Contra
1230 1275 1273 1331 er
1302 1257 1443 1332 Caesar

322 1392 441 1470 neque
459 1371 549 1442 satis
566 1367 745 1442 militibus
762 1372 968 1472 perterritis
986 1370 1225 1460 confidebat,
1250 1374 1445 1470 spatium·

322 1507 397 1584 quc
420 1487 735 1587 interponendum
760 1489 807 1562 ad
833 1488 1056 1563 recreandos
1079 1491 1222 1562 animos
1250 1490 1441 1588 putabat,

296 1619 302 1640 ¹
321 1603 535 1702 relictisque
561 1605 830 1680 munitionibus
856 1621 1081 1709 magnopere
1098 1606 1150 1681 rei
1169 1605 1442 1682 frumentariae

323 1720 495 1794 timebat.
910 1762 913 1770 ·

377 1831 436 1924 75.
469 1835 621 1932 ltaque,
663 1833 765 1908 nulia
796 1834 1017 1936 interposita·
1052 1849 1186 1928 mora,
1221 1841 1440 1914 muciorum

327 1946 441 2020 modo
482 1955 521 2021 et
558 1965 755 2050 aegrorum
794 1949 922 2026 habita
961 1952 1139 2040 ratione,
1180 1951 1437 2050 inpedimenta

326 2063 451 2138 omnia
485 2063 631 2139 silentio
665 2067 785 2164 prima
817 2073 930 2140 nocte
960 2091 1008 2141 ex
1037 2069 1169 2142 castris
1198 2069 1443 2168 Apolloniam

322 2179 513 2278 praemisit
530 2205 580 2274 ac¹
593 2182 854 2278 conquiescere
870 2188 961 2256 ante
976 2183 1049 2255 iter
1066 2181 1280 2270 confectum
1303 2186 1437 2258 vetuit.

322 2291 391 2364 liis
425 2315 497 2366 uns
528 2289 625 2394 legio
663 2295 774 2368 missa
811 2295 994 2394 praesidio
1030 2301 1098 2368 esu
1156 2292 1225 2370 rlis
1255 2297 1443 2396 explicitis

325 2407 463 2497 rebus,
498 2405 590 2480 duas
616 2409 655 2480 in
690 2411 825 2482 castris
852 2408 1018 2510 legiones
1048 2411 1237 2498 retinuit,
1278 2409 1440 2507 reliquas

324 2521 371 2597 de
400 2530 534 2622 quarta
564 2517 707 2625 vigilia,
740 2523 993 2623 compluribus
1019 2527 1136 2625 portis
1164 2525 1348 2618 eductas,
1374 2551 1439 2601 eo-

323 2637 408 2711 dem
434 2641 565 2712 itinere
595 2641 812 2738 praemisit;
838 2665 1031 2740 parvoque
1057 2642 1177 2740 spatio
1195 2641 1439 2732 intermisso,

324 2759 369 2824 ut
395 2754 434 2824 et
459 2749 620 2826 militare
647 2755 860 2828 institutum
888 2761 1131 2841 servaretur,
1163 2759 1202 2830 et
1233 2780 1348 2854 quarn
1386 2781 1440 2828 se-

255 2921 257 2926 .
323 2863 467 2938 tissime
510 2865 588 2938 eius
631 2867 815 2964 profectio
856 2877 1174 2970 cognosceretur,
1210 2867 1442 2944 conclamari

324 3131 493 3208 postularunt
507 3135 572 3190 redeo
589 3155 606 3190 e
622 3135 739 3198 Cessrre,
758 3147 787 3189 nt
804 3136 849 3190 de·

323 3205 408 3256 cimus
439 3203 552 3272 quisque
578 3199 614 3257 ab
641 3223 672 3256 eo
720 3205 848 3256 uniretur.

324 3275 350 3322 Α
371 3271 442 3341 plan.
457 3284 489 3331 ι’,
506 3271 547 3323 63.
566 3291 593 3344 p.
611 3275 668 3338 ⁴⁶7·
710 3273 729 3323 r'.
742 3273 847 3326 Svetou.

324 3289 374 3390 luz
393 3339 434 3392 68·
452 3337 489 3390 M:

358 3423 441 3474 super.
470 3405 528 3458 ord.
556 3405 674 3458 rromrullr'
685 3441 695 3474 ,
760 3405 850 3459 uidam

324 3469 438 3542 Legati,
454 3463 569 3526 Tribuni
586 3473 722 3534 militum,
773 3483 849 3526 entu-

325 3542 436 3609 riones3
464 3543 590 3603 omnino,
639 3545 666 3591 ui
695 3549 768 3593 erant
793 3541 850 3594 loeo

325 3607 482 3661 honestiore.
512 3607 593 3680 Apud
617 3557 773 3679 appianum
790 3618 830 3662 est
841 3645 850 3671 ,

325 3675 455 3746 quosdam
488 3681 582 3728 onrioos
610 3691 672 3727 eum
701 3673 851 3729 cohortator

325 3757 380 3794 esse
397 3741 431 3794 ad
448 3743 586 3812 proelium.
606 3743 642 3792 Μ.

358 3809 501 3890 reh'crr'sque
511 3835 544 3850 -
555 3811 664 3862 timebat.
677 3807 850 3864 Esscsbsons

325 3887 400 3936 erse,
419 3885 480 3948 quis
498 3893 551 3929 nun
569 3877 680 3930 ridear?
708 3879 737 3932 si
757 3878 851 3929 Caesar

326 3944 456 4014 relinquit
468 3959 512 3997 sua
523 3953 620 4004 eastra,
641 3961 695 3998 nou
712 3945 851 3998 verebrtur

326 4011 436 4080 inopic3
454 4011 540 4066 adibit
556 4014 629 4064 enirn
646 4011 721 4076 loca,
748 4015 776 4064 in
813 4013 850 4064 ui·

327 4071 377 4130 bus
403 4081 444 4131 est
473 4083 547 4150 co'pia
574 4080 722 4145 frumeuti3
747 4089 774 4131 et
794 4031 851 4133 lane

327 4142 424 4198 deiude
450 4145 486 4198 ite
513 4149 581 4198 facit.
606 4147 655 4200 Sin
680 4155 796 4198 remanet
821 4148 851 4200 iu

242 4277 245 4284 Ι
327 4215 439 4274 cestris,
458 4213 602 4285 ira-qulbus
619 4223 726 4266 vexatus
744 4223 785 4265 est
802 4213 851 4266 ‹lu-

328 4277 395 4331 dum
416 4282 525 4352 inopia,
553 4280 692 4334 vexabitur
713 4289 740 4332 et
764 4299 851 4350 porro.

328 4343 396 4412 Ergo
412 4367 473 4402 curu
495 4349 590 4402 Vossic
607 4349 741 4401 leuissima
764 4357 853 4400 mutr-

328 4411 402 4465 tione
419 4413 534 4486 legttur:
552 4421 711 4486 spuriumque
728 4445 761 4455 -
774 4427 853 4484 pratas

915 3141 973 3203 bar,
1002 3141 1096 3192 relirrb
1115 3139 1315 3200 murdriomdrrer
1345 3151 1372 3191 er
1386 3159 1442 3194 νην

913 3222 1024 3276 gnopere
1050 3236 1090 3256 -,
1112 3209 1154 3259 Μ.
1180 3205 1306 3260 vossium
1331 3225 1441 3280 sequen·

916 3273 979 3326 dum
998 3283 1080 3344 puto,
1100 3275 1181 3346 idque
1197 3291 1228 3326 eo
1245 3273 1350 3342 mgis,
1369 3275 1441 3392 {pud

917 3340 992 3393 codd.
1019 3340 1084 3393 boni
1101 3341 1173 3394 istud
1190 3359 1239 3410 que
1255 3359 1309 3392 non
1334 3341 1368 3394 ba
1404 3353 1439 3394 nt.

916 3407 1070 3460 Ciscconius
1097 3407 1256 3460 coniiciebst
1277 3413 1440 3478 relatisque.

916 3475 952 3526 Et
969 3475 1019 3527 boe
1036 3493 1112 3527 seusu
1131 3473 1313 3546 accipiendum
1340 3483 1367 3530 si
1383 3477 1441 3526 reli-

916 3547 963 3593 ctis
987 3551 1076 3595 censet
1100 3543 1171 3596 Oud.
1199 3541 1271 3614 qnod
1299 3542 1369 3596 mihi
1396 3543 1442 3595 ds·

916 3609 1063 3662 riusculum
1081 3609 1191 3662 videtne.

950 3693 1027 3746 qrram
1049 3681 1184 3729 serissime.
1204 3673 1240 3729 Et
1259 3673 1323 3730 baec
1343 3676 1440 3740 lectio,

916 3754 1004 3808 reete,
1034 3747 1148 3816 opinor,
1177 3753 1218 3797 cst
1234 3743 1268 3795 nb
1296 3743 1442 3797 editoribus

917 3811 1010 3864 effecta
1033 3831 1047 3864 e
1072 3813 1202 3883 scripture
1226 3809 1301 3864 codd.
1321 3823 1441 3884 septem.

917 3879 946 3930 in
965 3877 1006 3930 bis
1023 3878 1165 3938 bonorum,
1183 3879 1229 3950 qni
1245 3875 1349 3930 habent
1364 3895 1440 3948 quam

917 3951 1076 3998 arctissime:
1104 3947 1239 3998 irretetis
1258 3944 1337 3998 MSS·
1355 3957 1398 3999 est
1413 3967 1442 3998 rm

917 4018 1038 4066 citissimo
1062 4017 1115 4065 eius
1130 4032 1172 4082 pr.
1195 4011 1269 4084 quod
1290 4013 1362 4066 inter
1381 4023 1442 4066 reta·

918 4090 1009 4132 mento
1026 4081 1111 4134 simile
1129 4079 1247 4138 ridetur,
1275 4088 1324 4130 rut
1341 4031 1388 4134 adi
1406 4101 1441 4133 rc·

916 4149 1034 4200 eerasioni
1047 4157 1140 4200 textus.
1153 4145 1233 4199 Excm
1256 4145 1313 4197 lucr
1324 4147 1442 4200 adverbii

918 4210 1154 4268 serissirrseePlin.
1171 4213 1205 4267 Η.
1250 4251 1256 4264 .
1278 4217 1319 4271 15,
1344 4213 1441 4277 ¹7Cel·

918 4282 1000 4335 larius
1024 4281 1143 4352 protulit.
1166 4281 1208 4334 M.
1235 4281 1310 4334 Leid-
1335 4299 1385 4333 ser.
1410 4299 1440 4332 ree

918 4353 1043 4404 missure.
1060 4348 1100 4400 Ex
1117 4348 1200 4419 glossa
1216 4350 1314 4400 lorsam

952 4417 1108 4470 sumlammr'
1137 4435 1205 4470 rasa.
1235 4415 1289 4471 vid
1317 4413 1376 4469 Iud.
1405 4411 1439 4467 Et
