3032 5266
385 398 465 463 ιιιι.
501 313 531 461 ιι
562 401 654 461 car.
691 363 866 486 43445.
1087 365 1180 496 3'99

77 603 174 680 onim
199 629 276 678 sese
304 603 349 678 ab
375 613 505 705 aperto
530 605 646 678 latere
661 661 672 696 ,
690 603 993 704 procurrentibus
1011 603 1186 704 singulte,
1235 613 1261 638 '·

78 721 379 806 arbitrabantur;
405 721 472 818 ipsi
499 727 624 794 autem
651 743 742 792 suos
763 717 910 790 ordines
934 741 1100 804 servare,
1122 743 1191 818 nee

76 863 146 934 que
172 837 218 946 ab
237 825 349 938 signis
368 835 571 924 discedere,
590 859 708 932 neque
727 836 803 908 sine
824 836 930 935 gravi
949 859 1076 909 caussa
1097 853 1184 908 eum
1233 933 1235 948 Ι

75 950 224 1039 locum,
252 975 363 1048 quem
399 955 600 1048 ceperant,
640 949 781 1024 dimitti
816 954 1037 1023 censuerant
1071 973 1185 1048 opor-

75 1075 164 1139 tere.
189 1069 344 1163 ltaque,
370 1063 597 1164 perturbatis
624 1066 897 1167 antesignanis,
923 1065 1049 1165 legio,
1089 1091 1185 1164 qnae
1212 1164 1213 1172 ἵ

75 1179 182 1254 ineo
209 1203 328 1252 cornu
345 1180 602 1269 constiterat,
626 1177 756 1254 locum
795 1203 870 1254 non
909 1181 1032 1253 tenuit
1070 1187 1184 1278 atque

74 1292 111 1364 in
136 1295 351 1391 proximum
377 1292 511 1368 collem
538 1318 616 1367 sese
642 1296 797 1394 recepit.
902 1338 905 1343 ·

124 1410 186 1494 45.
213 1407 377 1498 Caesar,
418 1431 534 1506 paene
573 1411 673 1482 omni
714 1411 793 1482 acie
834 1409 1057 1509 perterrita,
1084 1406 1185 1504 quod

73 1531 221 1621 praeter
246 1527 458 1624 opinionem
486 1524 866 1622 consuetudinemque
900 1521 1105 1612 acciderat,
1124 1547 1187 1596 co-

75 1642 247 1728 hortatus
273 1667 382 1731 suos,
405 1640 589 1741 legionem
617 1663 752 1714 nouam
780 1640 942 1714 subsidio
969 1640 1092 1714 ducit:
1120 1639 1187 1712 ho-

74 1761 198 1844 stem,
223 1755 424 1828 insolenter
450 1762 563 1852 atque
590 1756 727 1827 acriter
743 1761 890 1828 nostros
907 1757 1186 1852 insequentem,

75 1869 291 1966 subprimit,
317 1893 517 1966 rursusque
548 1875 653 1968 terga
682 1875 827 1941 vertere
858 1891 968 1965 seque
998 1867 1047 1940 ad
1075 1868 1184 1966 oppi-

77 1982 165 2054 dum
193 1981 353 2056 llerdam
378 1985 541 2080 recipere
569 1989 607 2054 et
633 1983 829 2054 sub'muro
847 1983 1047 2054 consistere
1070 1981 1188 2080 cogit.

75 2095 148 2167 Sed
174 2121 301 2170 nonae
322 2095 475 2196 legionis
502 2095 661 2184 milites,
687 2095 773 2168 elati
800 2093 949 2183 studio,
983 2093 1077 2164 >dum
1104 2117 1187 2166 sar-

77 2210 152 2308 cire
183 2215 382 2309 acceptum
414 2210 680 2284 detrimentum
713 2205 871 2296 volunt,
911 2213 1050 2278 temere
1089 2205 1186 2276 inse·

75 2323 154 2394 coti
182 2323 394 2422 fugientes,
420 2327 457 2396 in
484 2323 609 2396 locum
635 2324 805 2419 iniquum
830 2317 1116 2420 progrediuntur
1145 2324 1185 2390 et

76 2437 144 2508 sub
170 2444 338 2510 montem
356 2493 367 2526 ,
384 2440 422 2510 in
453 2463 528 2536 quo
550 2444 630 2510 erat
656 2436 831 2535 oppidum
854 2435 1017 2533 positum
1044 2429 1185 2522 Ilerda,
1250 2495 1255 2504 .

72 2553 294 2626 succedunt.
340 2556 436 2626 Hinc
463 2579 501 2626 se
526 2555 689 2650 recipere
718 2577 832 2650 quum
861 2551 1023 2638 vellent,
1055 2573 1185 2624 rursus

72 2667 125 2740 illi
150 2694 200 2742 ex
225 2665 311 2742 loco
330 2671 518 2768 superiore
539 2672 684 2742 nostros
702 2669 931 2768 premebant.
956 2669 1185 2766 Praeruptus

71 2777 177 2854 locus
206 2789 314 2872 erat,
338 2791 497 2881 utraque
523 2807 570 2856 ex
597 2790 701 2882 parte
729 2783 918 2868 directus;
953 2805 996 2854 ac
1032 2786 1187 2855 tantum

70 2892 108 2964 in
133 2893 375 2968 latitudinem
402 2897 582 2996 patebat,
609 2905 651 2972 ut
682 2905 757 2972 tres
788 2898 993 2970 instructae
1013 2895 1187 2970 cohortes

70 3035 155 3084 eum
183 3013 312 3088 locum
339 3014 530 3111 explerent
560 3020 626 3104 et,
652 3039 772 3111 neque
790 3015 951 3086 subsidia
969 3041 992 3086 a
1007 3013 1188 3088 lateribus

69 3129 273 3217 submitti,
299 3153 419 3225 neque
446 3131 588 3225 equites
618 3129 874 3202 laborantibus
900 3133 983 3203 usui
1011 3155 1087 3204 esse
1104 3157 1188 3230 pos-

69 3249 166 3316 sent.
192 3242 254 3316 Ab
282 3242 417 3340 oppido
445 3252 570 3314 autem
598 3241 752 3319 declivis
778 3244 882 3318 locus
909 3245 1011 3318 tenui
1038 3245 1186 3344 fastigio

68 3360 256 3458 vergebat
280 3359 318 3430 in
344 3356 615 3456 longitudinem
642 3383 816 3456 passuum
836 3361 985 3432 circiter
1002 3360 1079 3432 CD.
1105 3361 1186 3434 Hac

69 3474 210 3545 nostris
237 3477 317 3544 erat
343 3479 541 3570 receptus;
568 3473 669 3570 quod
694 3497 759 3556 eo,
785 3474 932 3546 incitati
960 3473 1084 3546 studio
1100 3529 1110 3564 ,
1126 3475 1187 3548 in·
1292 3504 1297 3530 ι

70 3583 281 3657 consultius
307 3591 573 3683 processerant.
625 3580 708 3660 Hoc
735 3586 972 3685 pugnabatur
997 3585 1111 3676 loco,
1145 3595 1188 3680 es

68 3709 229 3801 propter
254 3704 442 3800 angustias
468 3703 621 3798 iniquo,
647 3708 685 3775 et
712 3705 812 3799 quod
838 3705 906 3776 sub
938 3705 1023 3803 ipsis
1048 3705 1188 3780 radici·

69 3814 140 3888 bus
167 3816 309 3935 montis
336 3817 609 3922 constiterant,
637 3822 681 3888 ut
708 3816 850 3890 nullum
889 3817 1027 3892 trustra
1066 3817 1187 3893 telum

102 4133 461 4208 sutprmit.rid.1ud.M.
666 4139 744 4194 ovid.
762 4139 822 4192 Her.
842 4149 871 4204 4,
892 4143 947 4192 106.
965 4140 1036 4190 linces
1053 4139 1091 4192 id.
1105 4139 1187 4192 Trist.
1223 4127 1228 4134 ’

100 4237 227 4286 dm
244 4232 298 4286 lid
317 4233 376 4286 [nd
393 4234 430 4283 Μ
666 4246 725 4324 aliis
669 4210 823 4323 9codll.
836 4220 949 4326 ldmtmes:
969 4205 1090 4324 llll}
1056 4223 1090 4268 2
1112 4205 1136 4256 3
1154 4205 1187 4259 In

862 4291 949 4340 grur
1029 4291 1118 4341 oppa
1103 4285 1187 4324 autem

102 4339 311 4417 semifastigia
328 4350 402 4402 arto,
419 4358 473 4392 non
490 4349 598 4392 extruso
663 4342 695 4389 dc
696 4341 752 4390 ιινιΙ
730 4343 801 4408 vifis
803 4341 1019 4418 stigmvergebot,
1032 4339 1102 4410 quod
1115 4358 1187 4444 pras·

68 4405 100 4458 iu
128 4405 316 4464 latitudinem
348 4409 386 4462 sic
415 4413 495 4460 ιιιιιιιι
524 4409 598 4462 eruor
665 4405 761 4490 placet
767 4407 878 4458 latinio.
