3032 5266
1087 371 1182 489 423

372 401 639 460 rm.1.csu
680 369 856 500 79.80.

61 606 289 675 tuerentur:
319 620 478 698 quorum
506 601 595 674 nulli
622 627 668 676 ex
685 605 816 678 itinere
836 601 1015 676 excedere
1032 603 1186 697 licebat,

61 720 158 814 quin
185 718 231 789 ab
258 720 427 814 equitatu
455 719 620 791 Caesaris
646 722 920 818 exciperentur.

115 834 179 909 80.
206 833 288 918 Tali
316 833 406 907 dum
432 841 622 935 pugnatur
645 835 779 926 modo,
806 835 905 909 lente
932 840 1044 930 atque
1071 835 1184 934 paul-

58 950 173 1026 latim
193 951 409 1052 proceditur
426 953 651 1050 crebroque,
670 960 713 1026 ut
726 955 804 1026 sint
824 951 962 1025 auxilio
981 954 1077 1038 suis,
1097 956 1186 1028 sub-

59 1073 226 1144 sistunt:
253 1081 297 1144 ut
323 1075 405 1144 turn
433 1069 582 1144 accidit.
620 1071 722 1144 Milia
751 1071 850 1144 enim
879 1071 1062 1171 progressi
1093 1097 1185 1169 qua·

59 1195 176 1279 tuor,
204 1189 534 1286 vebcmebtiusque
560 1189 756 1287 peragitati
785 1187 831 1260 ab
858 1189 1049 1285 equitatu,
1075 1215 1183 1262 mon-

61 1312 145 1376 tem
174 1305 361 1377 excelsum
390 1305 543 1403 capiunt
560 1303 685 1400 ibique
704 1325 779 1375 una
807 1302 929 1376 fronte
956 1309 1087 1376 contra
1116 1304 1182 1376 bo-

60 1427 161 1494 stem
190 1427 314 1494 castra
341 1401 541 1509 niuniunt,
567 1443 686 1517 neque
717 1420 892 1493 iumentis
923 1443 1034 1493 onera
1067 1419 1183 1520 depo-

61 1541 175 1610 nunt.
202 1537 274 1610 Ubi
293 1537 458 1610 Caesaris
478 1539 601 1610 castra
619 1535 739 1634 posita
756 1534 1071 1633 tabernaculaque
1090 1559 1178 1607 con-

60 1653 220 1740 stituta,
244 1657 283 1723 et
301 1649 468 1724 dimissos
487 1651 630 1748 equites
650 1647 847 1748 pabulandi
868 1673 997 1722 caussa
1015 1650 1182 1722 animum

62 1765 329 1856 adverterunt,
346 1787 424 1838 sese
440 1763 564 1839 subito
581 1767 790 1865 proripiunt
805 1769 899 1838 hora
913 1765 1062 1838 circiter
1075 1771 1183 1837 sexta

61 1879 230 1952 eiusdem
260 1879 330 1952 diei
358 1887 417 1968 et,
444 1902 547 1977 spem
579 1881 679 1954 nacti
699 1898 826 1953 morae
852 1879 1014 1953 discessu
1039 1884 1185 1952 nostro·

61 2017 149 2065 rum
177 1997 371 2092 equitum,
398 1995 624 2076 itervfacere
652 1996 849 2094 incipiunt.
905 1998 989 2087 Qua
1028 2019 1069 2067 re
1102 1995 1185 2066 ani-

62 2107 283 2199 madversa,
320 2111 458 2182 Caesar
497 2109 637 2182 relictis
673 2109 880 2210 legionibus
918 2103 1181 2207 subsequitur,

62 2227 246 2324 praesidio
263 2227 522 2327 inpedimentis
539 2249 677 2324 paucas
691 2221 856 2316 cohortis
874 2225 1069 2323 relinquit:
1089 2227 1182 2300 bora

65 2339 211 2412 decima
245 2343 418 2439 subsequi
455 2341 716 2441 pabulatores,
755 2341 971 2439 equitesque
1010 2341 1181 2414 revocari

64 2451 181 2527 inbet'.
208 2453 388 2529 Celeriter
414 2459 601 2556 equitatus
618 2455 665 2530 ad
682 2457 943 2554 quotidianum
961 2455 1103 2529 itineris
1122 2455 1183 2527 of-

65 2567 193 2641 ficium
220 2573 447 2645 revertitur:
476 2557 665 2673 pugnatur
691 2575 829 2648 acriter
861 2573 908 2646 ad
934 2571 1181 2645 novissimum

65 2707 225 2782 agmen,
252 2684 372 2780 adeo,
399 2694 442 2761 ut
467 2713 583 2787 paene
609 2695 716 2790 terga
734 2693 983 2763 convertant:
1012 2681 1181 2784 complu·
1253 2757 1257 2772 ,

64 2823 196 2898 resque
222 2799 386 2894 milites,
416 2805 529 2878 etiam
563 2805 733 2882 nonnulli
764 2807 1010 2880 Centuriones
1041 2802 1181 2878 interfi-

100 3160 160 3212 Tati
169 3161 227 3210 dum
238 3159 296 3230 (leg.
308 3164 582 3230 quum-subsistunt.

62 3227 111 3280 Est
127 3229 250 3279 iudicium
273 3233 419 3290 narrantis,
441 3247 495 3300 quo
514 3230 585 3282 iudi-

61 3305 118 3355 cat,
135 3295 200 3366 quid
218 3293 296 3366 vulgo
319 3297 364 3348 uli
390 3305 508 3368 tempore
528 3297 583 3350 fieri

63 3364 153 3414 soleat.
172 3364 208 3412 M.

95 3489 146 3520 una
155 3469 256 3540 fiante.
274 3470 402 3540 Intelligit
419 3473 528 3536 Caesar,
544 3491 583 3525 ca·

61 3545 115 3588 stra
132 3555 199 3596 nou,
219 3547 250 3612 ut
266 3537 344 3601 alias,
362 3557 376 3590 a
394 3549 506 3609 quatuor
524 3558 583 3611 par·

13 3655 17 3660 ,
61 3600 134 3656 tibus
152 3607 254 3657 munita
272 3624 342 3667 esse,
360 3607 405 3658 sed
426 3617 529 3660 tantum
548 3606 583 3659 ab

62 3689 128 3734 una,
137 3689 201 3750 quau
214 3672 247 3726 ad
260 3673 362 3726 hostum
371 3675 499 3739 vergebat.
513 3675 586 3738 (bulL

61 3737 128 3806 Ergo
141 3757 168 3790 ru
182 3739 268 3794 verbis
284 3755 376 3794 contra
393 3742 491 3794 bostem
498 3779 505 3801 ,
518 3739 546 3794 lr.
558 3761 581 3792 e.

61 3825 76 3856 e
88 3807 189 3873 regione
200 3805 299 3871 hostis,
311 3809 451 3878 explicatio
462 3818 509 3862 est.
528 3807 581 3863 Sed

14 3933 17 3940 Ι
61 3873 176 3932 videtur,
189 3884 219 3925 ut
236 3895 257 3928 c.
277 3875 582 3946 41,legcurlunr,ilsique

60 3959 78 3989 u
88 3943 217 4008 fronca-o.
236 3943 262 3994 la.
274 3973 306 3984 -
318 3943 389 3996 'Puro
406 3963 427 3996 c.
446 3959 477 4010 ῃ
495 3943 528 3995 de
546 3964 582 3996 ru·

61 4005 141 4075 liquis
159 4007 283 4063 lateribus
301 4019 446 4064 castrorum
469 4012 581 4064 munitis

60 4091 148 4128 sermo
164 4084 211 4128 cst.
237 4079 279 4130 M.
303 4078 475 4130 ECiaccouii
490 4080 580 4130 conio-

61 4149 136 4193 ctura
160 4153 200 4194 est
224 4147 305 4214 ibiquae
329 4165 345 4197 u
363 4152 464 4216 Jrorrte.
501 4144 580 4198 Unde
607 4163 611 4170 ·

61 4207 128 4260 Scal.
153 4211 234 4280 ilique
258 4228 309 4268 una
332 4233 349 4264 ιι
365 4214 474 4283 fiuntc,
491 4211 536 4264 ubi
555 4218 580 4268 τὲ

62 4293 112 4326 ursa
129 4295 178 4345 pro
195 4277 319 4332 adverbio
336 4281 425 4332 sumit.
446 4279 530 4332 Beull.
549 4281 581 4331 ab

61 4357 112 4394 aaa
122 4344 225 4414 storace.

94 4434 259 4490 lactarem.
307 4437 354 4492 Est
370 4440 457 4512 ipsum
476 4447 580 4512 tempu·

650 3163 833 3216 meridianum.
846 3164 890 3216 M.

683 3233 779 3282 relictis
805 3231 951 3300 legionibus.
1004 3231 1091 3285 Immo
1117 3247 1182 3286 cous·

649 3297 717 3364 vulg.
730 3297 790 3360 eald.
805 3297 957 3368 legendum,
969 3301 1074 3352 abactis:
1091 3317 1180 3380 qnam·

651 3383 731 3434 quam
747 3363 818 3417 oud.
849 3365 952 3418 relictas
969 3368 1079 3440 agones
1097 3365 1180 3419 rutel-

654 3431 712 3499 ligit
729 3449 785 3492 eas,
803 3451 870 3504 quae
888 3433 1002 3504 reliquae
1020 3433 1093 3506 apud
1110 3433 1183 3486 Cae-a

649 3517 734 3550 sarem
752 3505 833 3550 erant.
852 3499 885 3551 Et
904 3502 1013 3557 fortasse
1025 3503 1066 3554 vir
1083 3501 1180 3556 doctu

648 3567 696 3622 luas
725 3568 862 3636 oppositas
914 3572 1000 3621 utarit
1028 3570 1177 3631 errimtui,
1272 3594 1275 3615 ι

648 3631 758 3684 dimisso
775 3633 808 3686 ad
826 3585 1017 3703 pabulantium.
1078 3675 1083 3687 .
1101 3635 1176 3689 Oud.

648 3699 775 3778 iutelligit
791 3719 845 3752 crem
870 3703 964 3755 relictis
987 3705 1125 3774 legionibus
1149 3713 1179 3764 et

648 3768 1178 3890 ffiffiliffifftffllllffibffii

667 3913 746 3954 ortas.
765 3903 861 3954 Verum
880 3902 941 3972 baec
954 3907 1022 3956 ratio
1035 3901 1107 3957 nulla
1125 3911 1175 3956 est.

647 3921 699 4022 led
712 3973 804 4020 ductis
816 3989 870 4022 uon
882 3980 922 4023 est
934 3973 987 4023 uisi
999 3991 1013 4022 e
1025 3973 1176 4024 coniectura

647 4039 755 4096 eterni,
778 4045 868 4089 contra
891 4033 969 4090 codd.
986 4047 1011 4088 et
1029 4037 1088 4090 edd.
1112 4045 1178 4088 vett.

648 4103 714 4156 ‹lnnt
732 4106 839 4164 relictis,
853 4106 930 4184 'quod
956 4106 1071 4157 conferri
1089 4113 1179 4176 potuit

646 4189 705 4222 conr
722 4189 745 4222 c.
764 4183 803 4236 [μ.
822 4191 912 4224 ruruus
930 4181 1000 4228 recte
1026 4189 1088 4224 rero
1115 4189 1178 4224 cum
1251 4205 1254 4212 .

647 4239 680 4290 G.
701 4244 727 4297 5,
748 4257 786 4304 ¹9·
806 4237 852 4289 ubi
870 4239 1177 4309 obponuuturuimirsia

646 4315 673 4355 et
684 4307 793 4365 relictis,
807 4315 839 4356 ut
852 4305 918 4358 lreuc
930 4315 1006 4358 notat
1025 4305 1175 4364 Bentleius.

646 4373 692 4441 qui
712 4391 789 4442 porro
807 4371 941 4432 observat,
959 4373 1053 4426 durius
1070 4393 1125 4427 esso
1143 4375 1174 4432 iu

648 4432 706 4494 lue·
726 4449 815 4494 nostre
832 4441 928 4496 ratum
941 4467 973 4484 ···
983 4442 1115 4514 octuplis
