3000 5268
351 375 438 474 192
707 359 763 431 br
798 352 932 434 anino
968 371 1090 435 canu

340 571 531 644 Lutetiam
557 572 783 646 Parisiorum
801 573 989 647 transfert.
1016 571 1187 648 Confines
1205 577 1316 648 erant
1335 571 1371 646 hi
1391 575 1452 648 sea

341 689 500 762 nonibus
515 690 782 785 civitatemque
801 697 950 788 patrum
967 667 1146 762 memoria
1161 691 1451 776 coniunxerant3

342 806 407 880 sed
433 807 579 894 abhoc
605 804 760 880 consilio
786 805 920 879 afuisse
946 806 1272 882 existimabantur.
1310 809 1391 882 Hac
1417 833 1452 880 re

341 944 410 1020 pro
439 927 616 1020 suggestu
641 920 908 1018 pronunciata,
938 919 1070 1001 eodem
1100 918 1158 992 die
1189 945 1279 994 cum
1304 921 1454 1020 legioni-

341 1034 411 1108 bus
427 1037 466 1106 in
483 1037 647 1108 Senones
673 1033 924 1135 proficiscitur
950 1036 1167 1136 magnisque
1194 1037 1394 1110 itineribus
1414 1059 1452 1106 eo

339 1152 523 1248 pervenit.

391 1273 429 1354 4.
454 1267 614 1366 Cognito
643 1268 721 1342 eius
747 1264 933 1357 adventu,
951 1265 1075 1350 Acco,
1094 1266 1156 1364 qui
1180 1268 1357 1364 princeps
1382 1266 1451 1338 eius

342 1381 483 1456 consilii
511 1382 654 1474 fuerat,
671 1381 774 1454 iubet
793 1382 830 1453 in
849 1381 984 1480 oppida
1014 1380 1302 1454 multitudinem
1321 1404 1451 1453 conve·

341 1496 440 1582 nire;
459 1497 705 1585 conantibus,
721 1499 821 1596 prius
848 1521 961 1594 quam
988 1493 1030 1570 id
1052 1493 1149 1570 effici
1168 1501 1318 1593 posset,
1336 1493 1449 1566 adesse

340 1613 532 1686 Romanos
563 1614 779 1699 nunciatum
815 1613 1021 1688 necessario
1055 1612 1239 1686 sententia
1279 1611 1451 1684 desistunt

340 1723 558 1824 legatosque
585 1725 805 1825 deprecandi
833 1751 966 1801 caussa
983 1725 1030 1802 ad
1052 1726 1252 1800 Caesarem
1280 1726 1448 1808 mittuut;

341 1837 483 1910 adeunt
508 1863 574 1938 per
600 1841 769 1930 Aeduos,
787 1863 949 1938 quorum
976 1843 1184 1940 antiquitus
1210 1847 1297 1914 erat
1324 1841 1362 1912 in
1387 1836 1449 1909 fide

341 1955 490 2029 civitas.
532 1957 709 2032 Libenter
733 1959 870 2032 Caesar
894 1959 1109 2058 petentibus
1135 1959 1277 2032 Aeduis
1300 1959 1370 2056 ¹'dat
1395 1981 1448 2026 ve·

340 2073 441 2146 'niam
472 2078 825 2174 excusationemque
852 2077 1006 2174 accipit;
1026 2075 1127 2174 quod
1154 2078 1343 2150 aestivum
1367 2081 1450 2148 tem·

340 2213 410 2287 pus
429 2189 602 2264 instantis
619 2191 725 2282 belli,
741 2215 815 2264 non
833 2191 1081 2289 quaestionis,
1095 2213 1171 2262 esse
1190 2187 1447 2263 arbitrabatur.

340 2307 544 2382 Obsidibus
570 2311 761 2408 imperatis
786 2316 960 2394 centum,
988 2309 1056 2381 bns
1080 2307 1220 2382 Aeduis
1247 2305 1447 2384 custodien-

341 2423 408 2496 dos
434 2426 562 2499 tradit.
588 2425 732 2500 Eodem
750 2427 931 2502 Carnutes
956 2423 1101 2524 legatos
1126 2423 1347 2522 obsidesque
1372 2421 1447 2493 mit·

340 2549 448 2630 tunt,
480 2546 535 2615 usi
568 2541 870 2643 deprecatoribus
904 2545 1052 2633 Remis,
1081 2565 1241 2640 quorum
1281 2548 1385 2616 erant
1413 2539 1445 2607 iu

341 2653 535 2727 clientela:
555 2657 684 2731 eadem
705 2659 856 2730 fuerunt
872 2675 1058 2756 responsa.
1085 2657 1236 2757 Peragit
1255 2653 1445 2730 concilium

342 2769 498 2860 Caesar,
525 2775 741 2871 equitesque
767 2773 926 2874 imperat
953 2774 1179 2848 civitatibus.

395 2889 431 2961 5.
457 2891 538 2964 Hac
566 2899 671 2988 parte
703 2889 845 2964 Galliae
876 2897 1031 2990 pacata,
1060 2897 1165 2966 totus
1195 2899 1234 2966 et
1266 2897 1389 2966 mente
1412 2889 1444 2956 et

344 3005 468 3077 animo
495 3007 533 3077 in
560 3004 699 3078 bellum
726 3007 972 3080 Trevirorum
997 3015 1036 3081 et
1061 3010 1289 3110 Ambiorigis
1308 3006 1442 3083 insistit.

343 3119 571 3192 Cavarinum
598 3143 687 3194 cum
712 3122 884 3219 equitatu
911 3123 1100 3194 Senonum
1120 3147 1247 3198 secum
1273 3111 1442 3224 proficisci

342 3239 467 3330 iubet,
494 3263 540 3312 ne
566 3241 648 3336 quis
675 3245 742 3312 aut
768 3263 815 3310 ex
841 3239 949 3310 buius
979 3239 1191 3332 iracundia,
1217 3249 1287 3314 aut
1320 3263 1364 3311 ex
1388 3253 1442 3314 0⁰,

343 3355 444 3455 quod
471 3365 677 3444 meruerat,
704 3355 788 3428 odio
816 3355 1000 3445 civitatis,
1025 3359 1149 3429 motus
1178 3359 1344 3431 exsistat.
1385 3347 1441 3420 llis
1472 3449 1473 3459 ἵ

341 3470 453 3544 rebus
479 3471 713 3560 constitutis,
732 3469 832 3567 quod
860 3493 927 3568 pro
953 3470 1147 3569 explorato
1166 3471 1348 3558 habebat,
1365 3467 1442 3540 Am·

341 3590 523 3690 biorigem
553 3587 691 3686 proelio
729 3611 802 3660 ison
838 3612 915 3660 esse
951 3595 1281 3682 concertaturum,
1313 3585 1439 3681 reliqua
1470 3621 1471 3643 .

343 3704 421 3777 eius
447 3701 601 3776 consilia
625 3703 750 3776 animo
777 3705 1115 3804 circumspiciebat.
1148 3707 1268 3784 Erant
1293 3691 1438 3794 Menapii

376 3939 511 3993 lactariam.
536 3934 592 3994 Alii
608 3945 635 3994 in
652 3939 793 4004 maenam,
810 3949 866 3994 non
965 3943 1024 3994 odio
1042 3945 1159 3995 civitatis.
1197 3941 1268 4014 Quia
1286 3939 1375 3994 Caesar
1389 3939 1437 3980 erun
1466 3963 1467 4015 ἦ

343 4007 400 4059 sine
417 4008 546 4080 exemplp.
932 4026 1017 4077 regem
1034 4013 1216 4072 constituerat,
1238 4009 1347 4064 incurrit
1368 3999 1438 4052 cava·

376 4105 483 4154 quorum
504 4101 611 4142 -crat
634 4093 662 4140 in
680 4087 741 4159 fide
767 4094 865 4142 civitas.
932 4079 1007 4130 5⁰⁰⁸
1024 4077 1113 4132 0di¹¹¹¹¹
1131 4079 1304 4138 ⁸⁰⁰¹⁰ffl··M·
1415 4127 1427 4154 ,-
1465 4061 1466 4107 i

342 4151 460 4207 Senones
478 4167 552 4210 erant
568 4157 676 4210 clientes
694 4165 721 4209 et
737 4157 801 4212 socii
814 4160 866 4210 Aa·
964 4157 1046 4198 ΜΝ
1063 4151 1179 4198 essim·
1198 4145 1292 4198 (3¹³¹st
1304 4161 1317 4194 θ
1329 4133 1382 4193 ²⁰³·
1393 4143 1436 4178 ων
1464 4151 1465 4201 l

343 4213 462 4274 duorum·
481 4221 519 4273 M,
932 4224 1015 4272 retur,
1036 4213 1107 4284 quod
1124 4221 1164 4296 est
1180 4233 1193 4265 e
1210 4213 1300 4296 plosor.
1400 4272 1434 4308 m·
1462 4235 1464 4293 p

377 4313 543 4366 Cavarinum.
561 4314 602 4368 Cl'.
622 4321 636 4368 5
643 4355 651 4378 ,
670 4321 709 4381 54.
727 4317 769 4370 M.
932 4276 1433 4428 ΓυῖωέζὰαξζεᾙὲωᾟιῧῐᾏἯειιῑ
1461 4317 1463 4387 l

377 4417 514 4458 manserat.
531 4405 574 4460 Al.
591 4417 724 4462 natuerat.
933 4423 960 4466 at
977 4414 1052 4470 codd.
1069 4415 1148 4484 probi
1165 4425 1193 4468 et
1208 4415 1268 4470 cdd.
1285 4417 1344 4466 vett.
