3028 5258
344 271 894 468 'marrubAan-bq.
994 369 997 380 “
1099 340 1189 472 539
1272 333 1273 337 ¹

54 569 108 642 in
142 565 300 666 reliquis
326 571 466 663 rebus,
499 579 581 646 tum
621 579 816 672 praecipue
843 575 881 648 in
907 573 1029 666 bello,
1069 581 1192 676 parvis

56 687 284 758 momentis
311 711 464 785 magnas
491 713 616 760 rerum
642 691 955 764 commutationes
981 688 1115 766 efficit:
1149 703 1193 770 ut

56 805 160 870 tum
177 789 339 873 ‘accidit
366 803 642 886 Munitionem,
669 826 781 901 quarn
809 805 991 903 pertinere
1018 812 1187 922 acastriq

58 910 119 980 ad
151 908 295 985 flumen
329 937 439 1012 supra
474 914 832 1008 demonstravimus,
869 917 988 990 dextri
1023 917 1189 996 Caesaris

61 1035 201 1100 cornu
219 1029 409 1121 cohortes,
437 1032 646 1132 ignorantia
667 1031 759 1119 loci,
782 1039 869 1108 sunt
886 1040 1055 1122 secutae,
1074 1059 1190 1132 quum

61 1145 229 1237 portam
257 1153 476 1240 quaererent
510 1153 794 1242 castrorumque
824 1171 909 1240 ,eam
945 1148 1192 1224 munitionem

64 1277 157 1326 esse
178 1254 459 1330 arbitrarentur.
493 1260 603 1355 Quod
622 1283 738 1359 quum
758 1267 853 1334 esset
870 1259 1188 1356 animadversum,
1216 1271 1220 1276 “

65 1371 322 1446 coniunctam
339 1399 416 1447 esse
433 1371 601 1462 llumini;
628 1377 799 1474 protinus
825 1377 881 1448 his
901 1378 1186 1470 munitionibus,

66 1485 299 1564 defendente
329 1485 474 1582 nullo,
504 1492 814 1566 transcenderunt
841 1495 1033 1591 omnisque
1059 1502 1184 1570 noster

68 1605 267 1702 equitatus
293 1631 353 1679 eas
381 1608 554 1681 cohortes
580 1615 637 1681 est
662 1617 823 1682 secutus.
910 1684 913 1690 ,
1073 1690 1076 1696 ,

126 1721 191 1818 69.
216 1725 370 1797 lnterim
396 1725 613 1822 Pompeius,
641 1722 827 1797 hae'satis
853 1723 962 1823 longa
988 1725 1185 1800 interiecta
1245 1811 1255 1826 ‚

68 1855 184 1906 mora
209 1846 246 1909 et
279 1839 550 1925 renunciata,
577 1839 746 1934 quintam
772 1837 983 1936 legionem,
1009 1838 1055 1908 ab
1075 1839 1208 1936 opere

70 1951 309 2042 deductam,
334 1951 496 2025 subsidio
523 1953 597 2025 suis
624 1953 757 2028 duxit:
784 1954 988 2050 eodemque
1015 1963 1184 2055 tempore

72 2068 268 2166 equitatus
293 2069 371 2140 eius
397 2067 532 2140 nostris
559 2068 744 2162 equitibus
771 2065 1123 2168 adpropinquabat,
1148 2081 1186 2146 et

72 2171 174 2257 aoies
200 2185 383 2256 instructa
410 2207 433 2254 a
459 2180 621 2270 nostris,
648 2183 721 2278 qui·
738 2171 860 2256 castra
886 2195 1185 2282 occupaverant,

73 2300 298 2372 cernebatur
315 2299 513 2394 omniaque
531 2303 618 2369 sunt
636 2297 760 2370 subito
774 2304 933 2372 mutata.
959 2293 1185 2402 Pompeiana

73 2415 176 2484 enim
213 2411 340 2512 legio,
383 2409 511 2484 celeris
550 2431 613 2510 spe
634 2409 803 2522 'subsidii
843 2413 1095 2502 confirmata,
1137 2418 1183 2489 ab

75 2525 280 2598 decumana
306 2531 415 2625 porta
440 2524 608 2597 resistere
634 2525 842 2598 conabatur
875 2533 987 2624 atque
1015 2527 1114 2602 ultro
1138 2529 1179 2600 in

74 2643 221 2712 nostros
247 2640 412 2736 inpetum
441 2637 610 2712 faciebat.
637 2639 836 2736 Equitatus
863 2639 1054 2731 Caesaris,
1080 2642 1180 2739 quod

78 2761 238 2850 angusto
263 2753 393 2826 itinere
427 2777 493 2851 per
520 2771 671 2850 aggeres
702 2749 980 2842 adscendebat,
1018 2755 1184 2852 receptui
1250 2761 1252 2765 ’

78 2891 145 2939 suo
168 2869 302 2942 timens
329 2869 478 2942 initium
505 2866 612 2964 fugae
638 2867 811 2939 faciebat.
837 2869 1020 2942 Dextrum
1045 2881 1200 2960 cornu,

78 2984 176 3082 quod
202 2991 283 3056 erat
302 3009 323 3057 a
342 2986 489 3056 sinistro
515 2976 721 3070 seclusumss
748 2988 889 3056 terrore
916 2988 1083 3082 equitum
1109 2989 1185 3060 ani-

78 3098 299 3183 madverso,
326 3122 372 3171 ne
398 3099 498 3170 intra
523 3098 769 3169 munitionem
795 3097 1094 3195 obprimeretur,
1134 3124 1181 3172 ex

81 3217 201 3310 parte,
226 3237 301 3310 qua
326 3211 555 3312 proruebat,
582 3233 658 3281 sese
692 3201 893 3307 recipiebat
933 3235 977 3282 ac
1018 3210 1183 3309 plerique

80 3331 212 3421 exiis,
247 3352 293 3402 ne
319 3329 357 3401 in
384 3327 571 3426 angustias
604 3325 840 3414 inciderent,
874 3325 1002 3400 decem
1043 3327 1181 3426 pedum

81 3443 291 3516 munitionis
330 3435 367 3514 se
401 3443 440 3515 in
480 3440 595 3512 fossas
621 3435 945 3538 praecipitabant:
981 3441 1182 3538 primisque

113 3655 240 3719 panorm.
258 3647 341 3718 Vulgo
356 3653 425 3717 peril
471 3667 508 3700 re.
530 3648 592 3702 Post
659 3651 734 3708 sitis,
761 3645 804 3699 val
829 3659 910 3716 prout
936 3652 984 3712 iis,
1012 3649 1069 3702 sine
1095 3667 1181 3702 seusu.

83 3722 236 3770 munitionem
248 3715 306 3768 edd.
324 3725 387 3768 vett
403 3716 436 3768 ad
455 3724 504 3768 unt
516 3719 592 3766 enim.
659 3715 702 3767 M.

115 3795 168 3836 sunt
182 3795 297 3846 secutae,
315 3791 440 3837 venerunt
456 3800 505 3841 eo,
527 3782 588 3836 dela·
692 3781 865 3836 adscendebat.
878 3779 993 3834 larininr
1004 3783 1179 3834 admonerer.

84 3861 124 3902 tao
140 3859 195 3902 suut
211 3871 250 3902 eo.
270 3851 305 3899 M.
659 3846 691 3900 V.
718 3867 773 3918 cap.
806 3847 922 3925 praeced.
963 3848 1017 3902 sed
1045 3847 1181 3919 vulgatum
1221 3909 1227 3920 ι

116 3917 346 3987 Quodqmunessrt.
363 3914 502 3970 lladuudat
512 3916 590 3985 quod,
660 3913 773 3984 probum
789 3914 898 3968 vadatur.

84 3995 126 4037 aut
141 3985 223 4053 patius
240 3985 323 4036 nectit
338 4000 398 4036 cum
414 3981 592 4052 superioribus
692 4001 725 4033 ex
749 3993 844 4050 porta,
865 3999 916 4050 qua
935 3997 1010 4050 pror.
1033 3977 1094 4050 Lag.
1119 3999 1178 4034 cum

85 4053 231 4122 sequeutia,
248 4059 279 4102 ut
294 4051 363 4120 quod
380 4054 421 4116 si,
439 4049 508 4118 quod
524 4054 574 4100 arisi
582 4086 591 4108 ,
659 4047 775 4100 faerno:
798 4067 829 4100 ea
843 4061 936 4119 pane,
957 4065 1010 4166 qun
1024 4061 1178 4118 perruperat

86 4120 147 4187 quod
161 4117 218 4168 ubi:
240 4118 288 4168 atsi
312 4117 380 4184 quod
397 4117 462 4168 verti
478 4134 532 4168 nou
550 4133 593 4168 ue-
659 4134 693 4168 so.
712 4115 896 4167 munitionem.
923 4115 956 4168 Se
992 4123 1019 4166 et
1038 4127 1180 4182 prorueret

85 4205 148 4238 casse
163 4195 208 4236 est.
226 4184 268 4235 cf.
285 4184 343 4237 luel.
361 4185 403 4236 M.
659 4182 752 4234 eodem
765 4199 842 4234 sensu
853 4181 952 4234 dictum
963 4181 1058 4232 servari
1073 4183 1176 4251 poterit.

114 4255 230 4320 promus.
255 4249 316 4320 Lag.
343 4253 477 4318 prorutis,
505 4249 591 4320 ludios
658 4249 701 4300 M.
727 4250 771 4302 Sic
799 4247 888 4302 Daris.
911 4247 966 4300 sea·
987 4247 1098 4324 lurinius
1125 4265 1177 4316 qna

88 4317 219 4373 Ciaomnio,
249 4311 477 4370 robautibrrsOud.
487 4315 592 4370 etClsr-
656 4327 796 4385 prorueret
809 4315 934 4374 munitio,
946 4311 1095 4366 cohortibus
1107 4317 1181 4389 equi·¹
1246 4333 1261 4354 ·

89 4383 135 4438 lia.
150 4387 178 4440 lu
193 4335 269 4440 nalo
286 4393 325 4440 est
339 4389 456 4459 proruam
465 4422 473 4456 2
491 4381 533 4442 rel
546 4401 592 4457 po·
661 4379 780 4456 libusque
798 4399 855 4439 eon
872 4378 1123 4438 transcendentibus.

239 4621 266 4651 Ὃ
