3032 5266
385 391 463 451 crs.
499 391 525 450 1.
561 391 652 452 oar.
690 355 893 510 51-54..
928 371 930 387 '
1085 357 1178 477 405

63 587 296 668 scribebant.
322 593 444 667 Multa
469 617 599 666 rumor
624 593 809 694 fingebat,
835 599 879 666 ut
904 617 1020 692 paene
1039 551 1181 666 betssm

64 707 289 780 confectum
317 706 518 782 videretur.
544 708 690 800 Quibus
714 708 849 780 litteris
867 709 1085 805 nunciisque
1103 710 1183 781 Ro-

63 845 175 894 mam
200 819 376 920 perlatis,
402 822 526 921 magni
554 819 709 894 domum
748 846 954 896 concursus
992 823 1039 894 ad
1070 821 1184 896 Afra-

62 939 204 1026 nium,
230 961 386 1038 magnae
399 921 682 1036 'gratulationes
706 937 861 1010 fiebant:
880 937 992 1012 multi
1011 963 1058 1011 ex
1074 937 1184 1012 ltalia

64 1051 120 1124 ad
146 1053 214 1125 Cn'.
239 1053 460 1150 Pompeium
485 1050 835 1150 proficiscebantur:
863 1052 945 1142 alii,
973 1059 1017 1125 ut
1042 1055 1184 1151 princi-⁴

62 1189 136 1264 pes
162 1163 277 1237 talem
304 1166 482 1240 nuncium
510 1163 703 1252 adtulisse;
730 1165 811 1256 alii,
833 1191 879 1238 ne
896 1173 1077 1240 eventum
1095 1165 1183 1240 belli

64 1291 326 1383 exspectasse,
353 1291 420 1358 aut
445 1309 492 1356 ex
517 1285 691 1358 omnibus
729 1286 919 1360 novissimi
944 1289 1087 1362 venisse
1127 1288 1182 1358 vi·

65 1399 261 1472 detentur.
1172 1419 1174 1426 ·

123 1511 185 1604 54.
212 1516 338 1604 Quum
366 1514 403 1586 in
430 1512 487 1584 his
514 1515 693 1612 angustiis
718 1539 776 1588 res
809 1521 904 1588 esset
922 1521 1034 1612 atque
1053 1539 1181 1590 omnes

65 1627 156 1699 viae
182 1622 228 1698 ab
256 1627 465 1702 Afranianis
491 1627 669 1700 militibus
695 1629 954 1730 equitibusque
973 1629 1182 1704 obsideren-

64 1747 161 1826 tur,
185 1765 254 1814 nec
280 1749 415 1838 pontes
440 1741 565 1838 perlici
591 1751 762 1842 possent,
800 1741 961 1840 imperat
1001 1743 1181 1818 militibus

66 1861 227 1948 Caesar,
252 1865 297 1932 ut
322 1882 436 1932 naves
463 1859 621 1948 faciant,
648 1861 753 1934 cuius
780 1863 923 1960 generis
950 1883 1036 1934 eum
1070 1886 1183 1960 supe-

64 1973 232 2046 rioribus
250 1975 354 2046 annis
371 1973 692 2066 usquritanniae
709 1973 901 2048 docuerat.
926 1974 1081 2048 Carinae
1102 1976 1181 2074 pri-

66 2109 179 2158 mum
205 2111 249 2158 ac
266 2088 470 2160 statumina
488 2112 534 2160 ex
551 2086 626 2160 levi
643 2089 800 2162 materia
817 2088 978 2161 fiebant:
996 2087 1182 2185 reliquum
1280 2143 1281 2146 ,

69 2221 209 2296 eorpus
234 2200 411 2290 navium,
434 2201 633 2274 viminibus
652 2209 898 2292 contextum,
913 2203 1023 2275 coriis
1042 2200 1183 2300 intege-

69 2315 198 2388 bntur.
249 2316 325 2390 Has
351 2317 532 2417 perfectas
568 2320 681 2391 carris
714 2319 852 2392 iunctis
885 2318 1038 2392 devehit
1064 2327 1183 2396 noctu

69 2430 175 2503 milia
200 2451 376 2530 passuum
402 2457 425 2506 a
450 2434 580 2506 castris
607 2435 734 2542 XXll,
759 2433 967 2532 militesque
993 2435 1050 2506 his
1076 2437 1182 2508 navi·

66 2547 141 2619 bus
166 2544 304 2620 flumen
330 2555 559 2648 transportat
585 2551 911 2648 continentemque
928 2552 1030 2650 ripae
1045 2550 1180 2629 collem

67 2662 261 2760 inproviso
288 2671 461 2760 occupat.
508 2665 619 2736 Hunc
645 2663 842 2755 celeriter,
867 2665 967 2764 prius
993 2689 1107 2762 quam
1133 2665 1181 2738 ab

69 2773 293 2848 adversariis
318 2777 519 2867 sentiatur,
545 2781 766 2853 communit.
791 2781 876 2853 Huc
902 2777 1086 2880 legionem
1113 2804 1183 2880 po-

68 2896 153 2966 stea
179 2893 382 2980 transiicit3
409 2899 523 2993 atque
550 2919 596 2970 ex
623 2901 782 2996 utraque
807 2903 916 2998 parte
940 2904 1095 2997 pontem
1128 2899 1183 2970 in·

106 3393 595 3464 Multarumorfingebat.Credit0ud.
694 3407 723 3447 ut
751 3413 827 3448 naves
843 3387 948 3469 seruiunt
975 3404 1024 3448 etc.
1052 3397 1187 3458 Posterior*

9 3481 15 3492 ·
69 3461 212 3532 legendum
231 3464 315 3514 Multa
333 3480 423 3513 rumor
439 3462 593 3534 adfirzgcbatt
660 3471 731 3516 setas
760 3464 830 3516 dixit
857 3465 971 3516 carabos.
1000 3463 1062 3516 Vid.
1087 3464 1183 3517 Isidori

91 3533 136 3581 uia
160 3531 188 3580 in
210 3530 286 3583 codd.
309 3539 349 3582 est
373 3529 521 3582 Multonun
546 3547 594 3580 cra
661 3531 723 3599 orig.
746 3548 797 3599 19,
815 3552 837 3585 r.

59 3549 210 3670 difflant·
692 3626 802 3689 primum
819 3627 958 3676 statumina
984 3631 1035 3677 etc.
1057 3623 1101 3677 Sic
1117 3624 1183 3678 boui

105 3695 239 3756 conscensus
267 3679 302 3728 ad
330 3677 357 3730 Α
369 3695 427 3728 ran·
478 3676 593 3755 messm
660 3689 737 3742 codd.
751 3691 918 3770 proquoalii
932 3696 1043 3762 pn'murn
1057 3689 1183 3744 suam'nt

68 3745 178 3796 Asrsnu
198 3745 294 3796 llomse
318 3763 332 3794 s
353 3753 459 3804 rerunt,
487 3763 594 3814 crusque
660 3769 685 3807 er
703 3787 735 3800 ..
751 3785 785 3800 -.
800 3776 858 3826 ,ψ
874 3775 962 3812 sensu.

69 3812 231 3882 propinquis
248 3811 371 3880 gratulati
387 3821 458 3862 sunt.
483 3811 594 3861 Domum
861 3851 881 3866 ..
1121 3853 1127 3865 .
1156 3855 1161 3865 .

68 3896 205 3930 concursus
222 3877 336 3940 dicitur,
360 3889 389 3930 ut
410 3880 511 3931 domum
527 3879 595 3928 redi·
660 3853 900 3969 lemmiiirlbl'ct
914 3847 989 3904 ⁰⁰dd·
1007 3849 1049 3904 Ἴθι
1072 3863 1183 3904 ‘mm‘

69 3947 124 4008 tio,
150 3964 179 4006 r,
203 3951 226 3996 5.
248 3945 291 3996 Ad
311 3947 452 3998 Aronium
474 3953 534 4003 cst,
558 3943 592 3996 ad
712 3935 743 3986 3⁰
761 3931 803 3969 ’Μ
852 3937 908 3969 '¹⁶¹'

70 4011 183 4063 domum
199 4012 313 4064 Afranii.
371 4031 397 4066 ec
415 4013 468 4064 scre
486 4030 594 4063 monne-

68 4086 114 4130 rnt
136 4077 267 4130 Davisius.
288 4081 326 4129 Μ.
348 4079 392 4132 Sic
414 4079 519 4130 Terent.
542 4079 594 4134 Ad.

71 4155 103 4209 4,
124 4153 154 4209 q,
170 4163 207 4213 rq.
217 4147 252 4196 nd
261 4165 300 4196 me
311 4147 419 4198 adducta
432 4159 470 4196 cst
483 4147 594 4206 domum,

692 4024 795 4082 pontem
806 4031 807 4036 ¹
819 4015 961 4064 institutum
984 4009 1094 4085 perficit.
1116 4009 1182 4064 Tres

661 4079 758 4157 optimi
780 4077 857 4132 codd.
874 4075 973 4134 habeut
989 4082 1099 4131 instituit
1109 4092 1119 4144 3
1142 4096 1182 4140 rs

661 4145 731 4215 quui
753 4156 857 4199 servunt
878 4151 1027 4198 institutum.
1046 4147 1123 4198 Forte
1145 4143 1182 4206 le,-

71 4211 122 4264 ubi
151 4211 290 4265 Donatus:
323 4215 341 4264 i.
370 4231 392 4266 e.
423 4212 456 4264 nd
486 4213 595 4266 domum

70 4297 167 4331 meam.
185 4279 229 4333 Sic
247 4297 301 4330 uon
318 4299 384 4350 opns
397 4289 453 4332 crat
468 4283 594 4333 coniectu·

70 4347 107 4397 ris
131 4355 159 4398 et
180 4345 408 4400 emendationibus
427 4349 594 4410 criticorum,

70 4413 103 4466 dc
122 4411 218 4482 quibus
236 4412 303 4466 Oud.

660 4211 794 4280 gendum:
813 4226 918 4283 pontem
935 4215 1059 4272 instituit,
1081 4216 1182 4264 trutitu-

661 4293 715 4330 tum
742 4281 791 4332 bid.
817 4285 887 4352 pers.
917 4281 984 4332 llaec
1012 4288 1076 4332 suut
1103 4279 1182 4332 verba

661 4347 863 4486 {loquela-in
884 4345 1014 4418 Explicat.
1038 4355 1091 4402 tet.
1115 4355 1182 4402 auct.
