3000 5268
1063 321 1078 364 N

978 460 983 470 Ι
1086 347 1174 448 165

51 577 108 652 ad
129 575 310 652 eiusmodi
332 580 519 652 consiliwn
545 581 802 656 descendisse?
828 579 937 656 Suam
966 588 1179 660 sententiam

53 701 95 767 in
121 709 310 793 utramque
339 710 478 792 partem
512 721 589 770 esse
621 711 762 770 tutam:
800 701 836 770 si
864 700 920 771 nil
948 705 996 772 sit
1022 701 1180 794 datm,

52 813 154 884 nullo
186 811 345 918 penoqu
386 811 436 886 ad
463 819 670 910 proximam
705 814 880 911 legionem
915 819 1179 909 perventuros;

51 933 90 998 si
121 925 240 998 Gallia
271 930 385 1002 omnis
417 948 499 1000 cunt
521 927 708 1000 Germanis
725 935 948 1022 consentiat,
973 959 1083 1008 unam
1101 961 1178 1010 esse

51 1047 94 1114 in
118 1043 296 1116 celeritate
331 1047 487 1137 positam
520 1043 682 1116 salutem.
752 1045 874 1119 Cottae
898 1047 1040 1144 quidem
1070 1065 1178 1149 atque

51 1184 203 1248 eornm,
230 1163 294 1256 qui
318 1157 569 1257 dissentirent,
594 1159 782 1232 consilium
808 1188 913 1260 quern
938 1162 1084 1238 haberet
1101 1173 1179 1240 eai-

52 1275 166 1344 ίιιηι.ρ
190 1271 235 1345 ln
260 1297 329 1372 qao
356 1277 392 1344 si
415 1299 486 1344 non
508 1296 680 1370 praesens
698 1277 916 1372 pericnlum,
933 1289 972 1348 at
989 1291 1083 1352 certe
1099 1281 1178 1352 lon·

48 1390 194 1485 ginqua
219 1387 400 1460 obsidione
408 1386 539 1483 sames
565 1403 655 1464 esset
677 1390 972 1490 pertimescenda.
1019 1443 1051 1467 -.

112 1504 171 1577 30.
195 1505 275 1576 Hac
302 1505 340 1578 iu
369 1511 567 1604 utramque
586 1511 732 1604 partem
754 1503 1008 1604 disputatione
1027 1507 1175 1596 habits,

56 1643 177 1715 quum
202 1645 223 1692 a
249 1622 364 1694 Cotta
390 1623 594 1720 primisque
621 1621 812 1696 ordinibus
848 1627 985 1700 acriter
1012 1627 1177 1702 'resiste-

54 1741 189 1824 retur,
218 1735 377 1824 Vincite,
403 1737 547 1833 inquit,
571 1739 607 1809 si
629 1741 682 1810 ita
707 1739 841 1827 vultis,
868 1740 1048 1832 Sabinus,
1075 1749 1113 1814 et
1138 1742 1178 1816 id

55 1851 215 1924 clariore
243 1874 361 1969 poce,
401 1860 444 1924 ut
480 1876 617 1950 magna
652 1879 737 1952 pars
763 1853 928 1930 militum
954 1857 1175 1934 exaudiret:

55 1996 170 2068 neque
193 1973 227 2042 is
252 1995 363 2059 smn,
388 1967 533 2068 iuquit,
563 1975 628 2068 qui
647 1975 866 2068 gravissime
889 1999 937 2046 esc
963 1977 1059 2050 vohis
1077 2003 1178 2050 mor-

55 2089 104 2158 tis
133 2084 291 2181 pen'cnlo
317 2097 476 2158 terreor:
516 2083 559 2156 nt
586 2089 753 2183 sapient,
787 2100 822 2159 et
853 2091 891 2159 si
909 2094 1062 2186 gravius
1088 2091 1179 2188 quid

54 2199 253 2288 acciderit,
282 2199 345 2270 abs
370 2212 405 2272 tc
429 2203 602 2272 rationem
628 2213 837 2294 reposcent:
871 2206 954 2297 qni,
987 2207 1023 2274 si
1049 2219 1177 2301 perte

53 2314 182 2400 liceat,
204 2311 395 2410 perendino
422 2313 481 2387 die
505 2339 589 2386 arens
602 2318 782 2412 proximis
801 2313 958 2388 hibernis
977 2322 1176 2409 coniuncti,

53 2451 281 2499 commanem
306 2453 390 2498 curn
415 2429 560 2526 reliquis
585 2427 667 2500 belli
690 2453 815 2499 cassan
847 2433 1074 2518 sustineant,
1111 2455 1177 2505 nec

53 2545 181 2612 reiecti
203 2555 237 2614 et
261 2541 413 2640 relegati
437 2541 544 2642 longe
568 2541 612 2616 ot
638 2545 763 2616 ceteris
787 2553 851 2614 aa
861 2538 972 2636 ferro
995 2541 1175 2634 autsame

51 2659 243 2732 littereant.
755 2686 758 2693 ·

108 2772 172 2843 31.
191 2770 440 2871 Consurgitur
456 2795 504 2844 ex
518 2769 688 2858 consilia
703 2771 1026 2870 comprehendunt
1040 2777 1178 2844 urruns

52 2909 130 2982 que
157 2892 196 2956 et
223 2892 352 2974 orant,
377 2911 422 2960 ne
445 2912 513 2960 sua
538 2886 756 2960 dissensione
780 2901 815 2960 et
828 2893 1031 2982 pertinacia
1049 2914 1122 2961 rom
1139 2892 1178 2958 in

51 3029 239 3076 summum
261 3005 462 3099 pericnlum
489 3003 665 3076 deducant
682 3031 693 3076 .·
702 3001 859 3098 fiscilem
883 3025 962 3078 esse
986 3031 1086 3090 rem,
1115 3031 1178 3077 sea

51 3131 250 3206 maneant,
274 3141 340 3192 seu
360 3113 643 3218 proficiscantur
655 3172 667 3208 ,
703 3123 740 3190 si
776 3117 880 3190 modo
919 3145 1031 3192 anum
1057 3144 1178 3190 omnes

342 375 423 436 us.
456 376 496 436 v.
530 377 622 438 cnr.
658 343 835 444 28-31.

53 3345 101 3406 id,
146 3343 199 3397 uod
213 3343 302 3416 paullo
315 3354 376 3398 unte
389 3347 475 3398 suasit
491 3349 534 3411 (c.
555 3361 587 3412 ²7
654 3345 689 3404 Et
699 3327 816 3400 'samse
833 3345 882 3400 hoc
903 3345 1026 3416 exemplo
1051 3346 1179 3402 defendas

53 3362 163 3476 sutrii,
183 3413 235 3463 nisi
254 3414 534 3481 remcortocognitsm
545 3411 588 3464 hn-
655 3414 759 3484 siiquis.
802 3413 993 3468 Centurionem
1018 3415 1101 3494 primi
1128 3415 1178 3486 pili

52 3479 171 3534 huisset.
190 3480 233 3530 Μ.
259 3479 302 3532 ΑΙ.
321 3485 376 3531 sine
392 3493 461 3536 ocrta
474 3499 525 3548 spe.
543 3479 589 3533 Sic
654 3484 770 3551 potuisse
795 3481 952 3552 simpliciter
979 3482 1032 3534 dics
1061 3483 1180 3552 primum

53 3560 80 3599 ot
100 3547 151 3600 Gr.
171 3547 221 3598 int.
239 3547 286 3599 sed
304 3549 438 3618 vulgatum
462 3555 586 3617 praestat.
655 3547 760 3621 pilum,
778 3548 810 3602 de
828 3565 881 3620 qua,
904 3547 937 3602 ad
955 3561 987 3612 2,
1016 3553 1047 3599 25
1076 3549 1178 3601 dictum

86 3633 169 3666 unam
186 3632 240 3666 esse
257 3619 285 3665 in
308 3616 352 3665 col.
372 3634 400 3684 p.
427 3633 448 3665 s.
492 3615 537 3666 Sic
561 3623 588 3666 et
655 3626 702 3668 est.
729 3617 772 3668 M.

55 3683 132 3750 Virg.
151 3685 220 3733 Aen.
239 3699 268 3743 2,
285 3681 343 3748 354.
380 3681 450 3735 Male
479 3681 587 3736 flotam.

55 3751 116 3802 Νη
136 3767 197 3802 ,Μ
686 3707 747 3758 bclli
764 3725 857 3762 casum.
884 3712 917 3768 'ri
933 3707 993 3758 betti
1023 3705 1178 3776 rescriptum

654 3773 688 3828 nb
705 3775 876 3828 Hotomsuno
893 3773 992 3828 delevit
1017 3775 1021 3784 '
1038 3771 1131 3840 aliger,
1144 3793 1179 3826 re·

55 3819 244 3949 1Ἰἀὶοιιιιςιῖξιιιιι.
269 3815 303 3870 sl.
319 3817 408 3886 ionga
428 3814 481 3870 ssd
493 3833 517 3870 v.
530 3824 586 3868 not.
654 3843 756 3896 vocavi,
773 3841 844 3896 Qud,
862 3841 949 3894 Habet
965 3849 993 3893 ει
1010 3841 1134 3894 Graecus,

109 3957 184 4003 rimis
207 3952 356 4011 ordinibus,
374 3951 392 4001 i.
410 3969 433 4001 e.
450 3949 589 4004 Centurio·
687 3955 732 3989 ”⁶⁰
749 3949 841 3988 ''⁶¹²⁶“-
867 3935 900 3990 21·
925 3953 988 3986 '⁸⁰¹¹-

55 3973 142 4072 nissus
160 4021 307 4090 primorum
325 4016 459 4072 ordinum.
489 4019 534 4070 Sic
551 4021 587 4079 6,
688 4015 909 4104 comprehendant
939 4029 1081 4085 utrumque.
1125 4015 1181 4070 Nu·

58 4103 80 4150 7.
110 4087 140 4138 T
137 4089 220 4136 rituni
231 4086 340 4138 militnm
352 4098 378 4138 et
385 4091 464 4157 primi
476 4089 587 4147 ordines,
654 4101 731 4136 mum
753 4085 868 4136 l'ituriae
884 4083 983 4153 gentis,
1001 4101 1054 4152 quo
1066 4085 1180 4154 'sarpeia

57 4155 82 4204 Ιι.
103 4175 127 4206 e·
147 4155 324 4206 Centuriones
342 4171 383 4224 pr.
398 4153 454 4205 ord.
473 4153 521 4205 ubi
532 4153 585 4204 vid.
655 4154 727 4221 virgo
745 4169 761 4203 ι
778 4150 885 4205 Sabinis
903 4149 998 4202 obruto
1016 4153 1097 4204 scutis
1109 4151 1180 4203 exhi-

58 4221 193 4272 Davisius.
220 4221 251 4272 ln
270 4218 586 4294 utroqneiocometaphr.
656 4219 735 4270 hetur
757 4224 809 4284 (v.
831 4217 957 4271 Vsillsut.
981 4217 1041 4270 NN.
1062 4219 1123 4272 som.
1152 4237 1180 4271 on

58 4289 106 4342 Gr.
124 4293 226 4356 primos
243 4290 348 4340 ordines
365 4291 465 4348 vertit,
484 4293 588 4356 πρώτους
655 4289 765 4356 geute),
779 4285 887 4338 Vossius
901 4303 1036 4356 perperam
1049 4287 1083 4338 ad
1094 4287 1182 4338 locunt

60 4361 212 4427 τιξιᾶρχους.
239 4356 280 4407 Cs.
299 4355 351 4408 lut.
370 4357 403 4407 od
420 4356 512 4406 Vellei.
531 4356 587 4405 Pas.
656 4365 778 4406 nostrum
796 4373 808 4406 s
829 4365 910 4405 estare
930 4363 1021 4424 putat,
1039 4354 1181 4424 reprohen-

61 4443 89 4486 2,
109 4441 151 4492 9²·
182 4433 210 4477 et
233 4423 351 4477 Gronov.
369 4423 402 4476 sd
420 4422 478 4475 Liv.
497 4423 546 4492 30,
565 4431 589 4489 4.
657 4439 702 4476 sus
719 4426 777 4474 iure
846 4419 916 4476 out.
