3028 5258
317 247 320 254 ’
393 287 473 348 mo.
509 285 568 345 nr.
605 287 697 348 cnr.
727 252 904 348 80-82.
1112 253 1207 346 55r

54 482 328 588 Metropolim
347 489 467 580 venit,
494 489 566 578 sic,
592 497 638 562 ut
664 490 823 564 nuncios
848 489 1052 592 expugnati
1078 487 1210 590 oppidi

60 606 304 702 famamque
330 606 581 680 antecederet.

125 721 201 795 81.
226 721 510 822 Metropolitae,
535 723 700 820 primum
728 721 859 796 eodem
877 722 933 795 usi
952 722 1129 812 consilio,
1147 723 1225 806 iis-¹

60 833 169 908 dem
192 837 351 936 permoti
369 838 602 927 rumoribus,
620 843 749 936 portas
768 823 984 911 clauserunt
1001 858 1206 934 murosque

63 953 241 1026 armatis
276 951 587 1052 compleverunt:
621 953 685 1028 sed
711 959 875 1052 postea,
916 975 1005 1027 casu
1037 953 1205 1028 civitatis

64 1069 334 1168 Gomphensis
374 1071 527 1172 cognito
561 1092 607 1143 ex
642 1070 823 1168 captivis,
863 1093 957 1167 quos
983 1069 1118 1143 Caesar
1158 1067 1208 1142 ad

64 1205 238 1255 murum
264 1183 525 1282 producendos
551 1191 777 1276 curaverat,
799 1193 945 1284 portas·
962 1187 1204 1284 aperuerunt.

68 1299 235 1392 Quibus
262 1285 539 1399 diligentissime
572 1301 830 1390 conservatis,
865 1300 1015 1375 conlata
1049 1301 1203 1373 fortuna

67 1411 373 1512 Metropolitum
399 1437 488 1488 cum
514 1438 603 1487 casu
631 1415 927 1514 Gomphensium
942 1471 953 1506 ,
968 1415 1070 1488 nulla
1089 1415 1203 1488 Thes-

69 1528 197 1604 saliae
224 1530 296 1605 fuit
322 1531 473 1622 civitas,
503 1537 651 1630 praeter
682 1533 918 1623 Larissaeus,
958 1533 1022 1632 qui
1058 1531 1224 1632 magnis·

69 1647 311 1720 exercitibus
337 1645 519 1746 Scipionis
545 1645 792 1738 tenebantur,
819 1648 1074 1747 quinCaesari
1098 1669 1205 1746 pare·

60 1769 169 1864 frent
194 1771 308 1862 atque
333 1765 517 1864 imperata
544 1763 724 1838 iacerent.
749 1763 838 1854 Ille,
864 1765 998 1866 segetis
1025 1763 1206 1838 idoneum

70 1875 212 1952 locum
238 1880 277 1951 iu
303 1879 402 1978 agris
420 1885 574 1968 nactus,
593 1903 688 1976 quae
708 1904 822 1979 prope
841 1880 917 1952 iam
935 1884 1083 1952 matura
1101 1882 1206 1965 erat,

58 1994 130 2082 ,ibi
164 1993 372 2067 adventum
399 1997 613 2092 exspectare
639 1995 807 2095 Pompeii
834 2020 952 2094 eoque
971 2019 1121 2070 omnem
1139 2019 1203 2068 ra·

74 2109 229 2181 tionem
255 2107 340 2180 belli
367 2106 535 2180 conferre
562 2108 771 2182 constituit.
819 2135 823 2143 ·

129 2221 196 2297 82.
221 2223 420 2321 Pompeius
451 2223 579 2320 paucis
614 2228 699 2322 post
733 2222 863 2295 diebus
896 2223 937 2296 io
970 2219 1202 2296 Thessaliam

76 2341 255 2438 pervenit
280 2331 597 2436 concinnatasque
638 2337 737 2438 apud
772 2345 955 2412 cunctum
990 2339 1201 2412 exercitum

77 2455 158 2526 suis
185 2454 262 2553 agit
285 2453 450 2552 gratias3
485 2454 668 2553 Scipionis
695 2451 832 2526 milites
859 2453 1098 2542 cohortatur,
1132 2459 1200 2544 ut,

77 2573 192 2666 parta
217 2568 293 2640 iam
319 2568 503 2658 victoria,
526 2567 684 2668 praedae
719 2593 765 2642 ac
800 2567 1053 2667 praemiorum
1080 2563 1201 2638 velint

80 2708 160 2756 esse
176 2683 409 2784 participes:
436 2687 670 2786 receptisque
697 2685 872 2759 omnibus
897 2685 937 2756 in
963 2707 1037 2757 una
1073 2688 1200 2756 castra

78 2793 308 2896 legionibus,
334 2823 446 2871 suum
471 2823 560 2873 oum
583 2801 759 2901 'Scipione
794 2799 977 2872 honorem
1012 2799 1200 2898 partitur,

80 2913 351 3013 classicumque
378 2916 476 3016 apud
503 2941 590 2991 eum
617 2919 702 2992 cani
735 2923 775 2992 et
812 2916 975 2991 alterum
1010 2915 1064 2990 illi
1088 2916 1197 2990 iubet

116 3118 294 3188 Gomphensis.
320 3117 354 3172 Iu
378 3117 502 3174 omnibus
529 3117 607 3174 codd.
676 3129 793 3184 tonum,
847 3139 876 3174 ro
898 3129 938 3174 ter
972 3130 1100 3191 segetem,
1135 3139 1203 3194 quaa

82 3194 124 3238 est
139 3185 342 3256 comprehensis,
366 3187 395 3238 in
412 3186 535 3240 Leidens.
554 3189 608 3258 pri-
675 3187 718 3240 ibi
732 3186 809 3241 erat?
828 3138 866 3242 Se
903 3189 962 3258 quis
979 3189 1057 3240 facile
1074 3190 1202 3242 frumenti

82 3271 128 3305 mo
144 3271 312 3374 opmgpesrrpee.
330 3253 560 3336 (iiuccopiuslrere
570 3273 608 3334 pe·
674 3253 763 3374 hicum
784 3253 911 3373 idorppum
936 3255 985 3308 boc
996 3274 1094 3375 plomb
1107 3255 1204 3376 dticntl}¹
1267 3265 1268 3268 ’

119 3339 160 3373 sm
238 3339 263 3372 m
312 3339 434 3373 mmor
487 3339 606 3374 mamm
733 3339 1180 3376 uiverumraraasa

110 3389 196 3440 ionem
218 3339 291 3442 Caeli.
320 3339 606 3456 moseratiuvidebit,
675 3331 1077 3461 opldmiscodr'cibusfgtomen
1093 3399 1203 3461 propter

83 3451 124 3507 bis
142 3457 207 3526 ipsis
224 3456 278 3508 sare
295 3455 400 3516 verbis,
427 3456 524 3528 quibus
541 3457 607 3509 Cae·
675 3458 829 3528 sequeutia,
848 3475 914 3528 quae
928 3474 1008 3526 prope
1025 3461 1077 3508 iam
1097 3470 1203 3510 motura

85 3539 126 3574 sar
154 3542 215 3577 usus
243 3533 314 3586 arat,
345 3541 402 3576 rem
430 3525 540 3578 narrari.
568 3525 606 3576 Μ.
675 3538 733 3578 erat
758 3526 831 3591 (sire
860 3538 951 3586 erum,
976 3533 1007 3576 ut
1031 3523 1095 3576 boni
1123 3521 1202 3578 codd.

84 3587 189 3643 Hotom.
208 3589 280 3642 idem
296 3589 441 3646 hariolatus
458 3600 521 3645 erat.
674 3591 796 3656 babent)
832 3591 884 3646 tale
912 3589 1020 3644 verbum
1049 3591 1203 3662 praecedere

117 3681 324 3751 Metropolim,
365 3683 464 3738 Graec,
504 3685 606 3751 [ὑπ’
674 3657 777 3714 debuit.
806 3659 925 3712 Fortasse
941 3677 1018 3728 ergo,
1037 3667 1068 3710 ut
1086 3669 1113 3712 ct
1129 3658 1202 3711 Ood.

88 3757 279 3818 biorpmlirris,
327 3769 356 3802 ro
384 3752 607 3822 Metropolitum·
674 3727 827 3845 {hamah
844 3729 873 3778 in
891 3725 978 3779 ’ὠὴ
995 3724 1097 3806 ⁸ll‘luld,
1109 3723 1202 3780 mendi

87 3832 148 3868 mm,
166 3817 207 3869 ορ
223 3835 251 3870 10
268 3835 293 3871 p,
338 3819 372 3870 10,
390 3816 408 3870 Ι,
426 3837 449 3872 c,
686 3801 740 3846 atet
767 3793 1201 3846 etsisensumommnovrdemns.

675 3861 717 3914 M.
736 3829 804 3913 dene
821 3859 905 3913 Beati.
922 3860 1004 3914 deleri
1021 3859 1097 3913 iubet
1107 3863 1202 3928 regetis

117 3923 237 3990 ΜΨ*
248 3911 418 3993 ‘'swem·
436 3911 482 3968 Sic
498 3932 512 3993 9
529 3912 607 3994 5⁰d‘l·
675 3937 702 3980 et
713 3927 775 3981 dein
792 3927 841 3996 leg.
859 3933 922 3996 quio
931 3945 1015 3998 prope
1031 3933 1084 3980 iam
1097 3939 1202 3979 motura

90 3986 199 4030 restitut
221 3977 353 4033 Davisius.
375 3987 405 4032 ut
429 3988 456 4032 et
472 3980 545 4034 abbr.
565 3981 608 4033 Cf.
674 4008 750 4048 mm
759 3996 904 4068 fimat«,
983 4027 986 4033 .

89 4045 186 4098 autad
204 4065 233 4107 2,
252 4050 277 4096 6.
289 4046 374 4118 Vulgo
385 4047 450 4101 daut
457 4061 563 4118 parerer
575 4077 608 4089 -

85 4113 184 4189 sonorae.
196 4113 324 4168 Callatim
337 4115 453 4187 praefert
461 4129 608 4185 potaret-
708 4131 839 4183 ,mmm
862 4157 895 4170 ..
922 4134 1001 4192 σω,
1025 4146 1107 4200 „que
1131 4128 1210 4200 apud.

85 4183 188 4250 dmm·
673 4197 827 4268 Scipionem
849 4199 909 4252 cani
926 4209 1007 4268 atque
1025 4197 1096 4268 apud
1119 4195 1200 4248 Porn-

122 4263 207 4330 regetir
234 4260 354 4312 idoneum
382 4262 474 4316 ὶοαιιη.
504 4261 607 4330 Ergone
710 4266 775 4318 ium.
818 4265 889 4318 Cum
918 4269 992 4317 anim
1019 4264 1071 4318 duo
1102 4263 1203 4318 summi
1230 4317 1234 4326 ,

93 4321 137 4379 boc
151 4325 280 4398 significat
291 4327 386 4384 beon·
398 4330 502 4386 &nari
512 4329 608 4402 obpor·
674 4283 759 4388 Bessos
775 4340 822 4387 aut
838 4330 968 4389 &osuiu
984 4333 1015 4387 in
1031 4332 1094 4388 unis
1108 4333 1202 4396 astris
