3026 5264
342 357 422 418 crs.
456 355 542 419 vm.
577 358 668 420 car.
707 361 847 456 9-10.
1074 329 1167 423 323

57 553 252 652 stratisque
279 556 474 656 coniungi,
492 581 650 654 quorum
672 558 811 632 frontes
830 559 991 632 viminea
1008 559 1167 636 loricula

57 673 314 758 munirentur,
339 677 382 744 ut
409 671 524 744 hostis
551 698 571 743 a
598 673 735 771 duplici
762 673 858 746 fossa
874 672 1010 771 duplici
1031 700 1168 774 propu-

16 828 39 868 ‚.
54 790 256 880 gnatorum
275 785 402 856 ordine
421 786 699 860 defenderetur:
718 809 878 886 quorum
898 787 992 858 alter
1011 811 1056 858 ex
1076 815 1167 886 pon·

56 896 181 984 tibus,
207 923 280 995 quo
308 902 428 972 tutior
454 903 650 974 altitudine
669 911 784 994 esset,
802 904 872 977 hoc
892 904 1070 978 audacius
1088 890 1167 978 lon-

56 1019 210 1112 giusque
236 1015 312 1103 tela
337 1019 594 1115 permitteret3
619 1018 732 1109 alter,
755 1021 818 1116 qui
849 1020 1001 1120 propior
1020 1021 1166 1096 liostern

56 1133 198 1232 inipso
225 1132 325 1208 vallo
353 1135 571 1207 conlocatus
597 1141 714 1222 esset,
749 1141 863 1234 ponte
892 1137 938 1208 ab
966 1137 1166 1210 incidenti-

55 1249 122 1320 bus
149 1249 232 1322 telis
259 1256 460 1350 tegeretur.
524 1252 647 1328 Portis
672 1251 769 1329 fores
795 1251 1016 1351 altioresque
1044 1262 1165 1331 turres

54 1367 234 1465 inposuit.

108 1511 166 1557 10.
192 1485 313 1562 Huius
330 1486 548 1560 munitionis
566 1485 701 1586 duplex
719 1492 800 1560 erat
817 1485 1025 1562 consilium.
1052 1493 1165 1566 Nam-

55 1621 124 1693 que
152 1606 192 1672 et
218 1625 373 1697 operum
391 1601 686 1699 magnitudinem
705 1608 743 1674 et
764 1603 939 1674 timorem
956 1627 1066 1680 suum
1084 1630 1166 1706 spe·

56 1715 161 1786 rabat
186 1715 361 1792 fiduciam
387 1719 554 1798 barbaris
582 1717 814 1792 adlaturum:
834 1725 891 1806 et,
909 1743 1024 1814 quum
1043 1723 1165 1818 pabu-

55 1827 173 1904 latum
187 1833 534 1931 frumentatumque
552 1832 697 1935 longius
717 1841 813 1906 esset
830 1833 1164 1931 proficiscendum,

56 1947 180 2040 parvis
206 1950 322 2045 copiis
348 1956 471 2022 castra
488 1951 694 2028 munitione
714 1950 792 2046 ipsa
811 1948 961 2022 videbat
979 1975 1084 2048 posse
1103 1949 1166 2024 de-

56 2059 165 2136 fendi.
192 2063 346 2136 Interim
373 2065 504 2136 crebro
531 2066 658 2161 paucis
686 2066 874 2160 utrimque
906 2069 1163 2163 procurrenti-

57 2177 148 2266 bus,
165 2180 266 2252 inter
282 2181 370 2254 bina
391 2188 514 2254 castra
532 2179 663 2277 palude
682 2181 893 2270 interiecta,
912 2182 1165 2256 contendeba-

57 2300 135 2368 tur:
164 2321 277 2391 qoam
304 2302 431 2370 tamen
458 2295 630 2394 paludem
656 2321 924 2394 nonuunquam
950 2307 1017 2372 aut
1036 2307 1164 2374 nostra

57 2412 189 2486 auxilia
209 2411 403 2486 Gallorum
418 2413 766 2507 Germanorumque
780 2414 1010 2505 transibant,
1025 2417 1164 2490 acrius-

56 2553 122 2624 que
149 2531 275 2606 hostes
302 2529 610 2627 insequebantur3
628 2515 696 2626 adt
717 2528 877 2602 vicissim
898 2530 1038 2620 hostes,
1063 2557 1164 2606 enm·

56 2645 137 2718 dem
155 2647 394 2746 transgressi,
415 2651 560 2716 nostros
577 2642 724 2742 longius
741 2646 1026 2720 submovebant.
1054 2649 1165 2722 Acci-

56 2757 163 2834 debat
201 2766 326 2834 autem
368 2757 592 2859 quotidianis
617 2757 919 2860 pabulationibus
955 2761 1019 2853 id,
1060 2761 1163 2860 quod

55 3041 114 3091 turri
130 3040 166 3093 ad
182 3039 423 3111 aliam'porrootee,
443 3045 472 3090 ut
489 3037 571 3090 veluti
637 3039 708 3108 vulg.
734 3041 904 3111 depelleretur·
932 3052 972 3096 est
999 3045 1160 3115 interpreta-

54 3107 77 3156 in
96 3118 176 3176 pomo
195 3107 299 3159 transiri
316 3108 401 3177 possit
422 3125 453 3158 ex
471 3105 521 3158 alia
542 3108 569 3157 in
638 3117 766 3160 mentum.
787 3109 871 3162 Verba
884 3111 977 3178 drrplier‘
986 3113 1074 3181 fosso,
1112 3131 1160 3164 irae

53 3171 135 3224 aliam.
183 3173 227 3228 Sic
260 3178 444 3244 coniunguntur
477 3181 570 3226 turres.
637 3174 717 3242 vulgo
734 3175 847 3236 absunt,
865 3177 985 3229 Davisius
1009 3187 1036 3228 et
1053 3131 1161 3230 On‘den-

55 3241 194 3292 Traianou·
210 3245 399 3309 consumique,
422 3241 439 3290 i.
458 3259 479 3292 e.
500 3249 571 3292 trau·
637 3241 747 3311 dorpiuo
764 3263 777 3294 e
793 3243 869 3296 codd.
889 3245 1072 3298 restituerunt.
1091 3247 1128 3295 M.

52 3311 154 3359 sversim
174 3309 251 3360 strati
268 3327 288 3359 s.
309 3308 396 3378 pinsiti.
415 3307 457 3358 M.
482 3307 571 3358 Vitru·
668 3313 835 3378 praemitteret.
854 3311 935 3361 Notat
953 3310 1032 3361 talem
1051 3311 1159 3374 iactum,

51 3375 103 3425 rius
128 3393 154 3435 r,
182 3381 203 3426 5.
226 3393 305 3427 nsum
326 3374 418 3426 horum
448 3377 570 3443 pontium
637 3393 688 3445 quo
706 3375 755 3428 tela
770 3377 925 3492 pertingant
942 3378 973 3428 ad
992 3377 1088 3429 hostes.
1114 3379 1161 3432 Sic

52 3443 245 3494 transiectorum
271 3443 348 3494 docet
371 3441 459 3502 bunc,
485 3450 529 3508 ot,
547 3443 570 3492 si
637 3451 663 3493 ot
681 3443 752 3514 apud
795 3461 908 3495 acanum
930 3459 956 3506 r,
976 3453 998 3506 t.
1018 3447 1075 3496 651.

52 3505 130 3560 bostis
148 3527 228 3579 qnam
245 3517 348 3580 partem
365 3511 435 3561 muri
448 3525 570 3579 occupas·
670 3522 693 3558 er
711 3527 727 3558 ο
745 3527 816 3561 erum
832 3511 1040 3580 magnitudinem.
1070 3511 1160 3562 Daris.

53 3584 101 3634 set,
117 3577 269 3645 contignata
288 3575 345 3636 illa,
374 3578 419 3648 qui
443 3593 570 3654 repugna·
636 3595 712 3628 emen
732 3575 794 3630 abnt
806 3596 839 3628 ex
851 3595 890 3644 op.
903 3577 1083 3647 mbgnitudine.
1098 3577 1160 3630 Non

53 3638 126 3703 bant,
143 3653 253 3713 possent
270 3642 426 3694 rescindere.
461 3644 505 3695 bic
523 3639 570 3693 lio-
637 3661 714 3694 ons.

52 3709 95 3760 stis
131 3729 144 3760 e
175 3729 216 3762 ere
234 3709 304 3764 baud
321 3711 428 3780 poterit.
471 3709 570 3779 Depre·
669 3710 768 3766 auritio
787 3711 939 3772 Gallorum,
964 3729 1030 3781 quac
1053 3720 1159 3766 consta·
1211 3731 1212 3734 ’

52 3728 229 3830 lunelit‘buuc
246 3795 321 3830 usum
339 3777 367 3828 in
381 3787 468 3829 vetere
481 3777 569 3828 urnni-
635 3775 702 3828 bant
719 3775 827 3829 Gallicis
845 3777 985 3829 militibus.
1004 3779 1047 3830 M.

53 3841 118 3894 tione
136 3843 208 3896 urbis
226 3853 330 3896 nostrae
348 3863 370 3896 a.
388 3843 503 3909 173ovir
515 3843 568 3894 exi·
671 3845 741 3894 Gall.
753 3845 996 3913 Germanorumque.
1013 3845 1082 3896 Ante
1096 3843 1159 3896 baec

52 3911 101 3958 mio
123 3911 218 3977 dignius
245 3909 350 3978 elogio,
374 3911 401 3963 b.
429 3929 465 3964 m.
484 3909 567 3966 Andr.
634 3910 711 3962 sorbo
726 3911 1067 3964 maleinsertnrneratont.
1088 3911 1158 3980 quod

52 3975 232 4037 Silbcrrnanu,
250 3997 305 4032 rem
341 3979 400 4034 cin
413 3977 501 4029 tabula
514 3981 569 4030 acri
635 3976 702 4029 bene
727 3979 859 4048 expunxit
887 3977 1000 4047 Scaliger
1029 3997 1043 4030 e
1067 3979 1157 4030 conie-

52 4041 127 4095 iucisa
144 4043 267 4096 exhibuit
279 4045 307 4096 in
345 4043 568 4100 ocal-Gcscbiclrte
634 4054 705 4102 ctura
723 4045 874 4110 Ciaoeouii3
900 4043 1015 4098 firmavit
1043 4044 1104 4097 dein
1130 4052 1158 4098 et

52 4107 92 4159 der
104 4112 181 4164 stadt
192 4111 338 4180 strasburg.
349 4111 394 4164 sol.
406 4117 477 4176 ¹775·
490 4132 516 4182 p.
530 4129 567 4163 12.
633 4112 690 4164 cod.
709 4113 795 4166 Onon.

72 4177 191 4246 frontes,
224 4198 265 4232 ars
277 4181 392 4232 anterior
406 4179 565 4250 pontis.M.
666 4183 786 4230 tanmem.
813 4179 853 4231 lta
872 4178 956 4248 pauci.
982 4177 1158 4248 Pleriquoeo·

80 4249 185 4298 viminea
203 4199 409 4300 lizriootarorris.
421 4247 481 4300 Vid.
495 4247 566 4299 dicu
632 4247 704 4307 dem,
723 4246 830 4317 quidam
847 4247 941 4296 cadom.
967 4245 1017 4298 llos
1035 4245 1155 4318 ipsane-

53 4308 81 4360 ad
99 4319 127 4378 5,
146 4324 187 4376 4ο.
206 4314 248 4364 Μ.
632 4333 686 4366 res*
746 4331 772 4364 m
787 4313 849 4366 facit
866 4313 986 4364 eandem.
1003 4311 1045 4366 M.
1070 4310 1154 4365 Dedit

80 4378 268 4450 atqlendereram
297 4389 434 4436 arceretur.
473 4379 566 4434 Lecti·
631 4315 817 4477 ingyrium
834 4400 848 4433 ο
864 4379 941 4433 codd.
