3026 5264
495 189 504 234 l

331 353 411 422 urs.
446 363 531 424 vni.
566 365 657 426 cnr.
701 332 870 426 15·-18.
1049 337 1142 465 329

28 569 153 638 tatem
179 565 234 640 sui
262 565 461 666 recipiendi
490 565 699 643 Bellovacis
731 566 925 679 dpderunt.
952 569 1006 644 lta
1035 569 1145 668 fuga,

28 684 177 756 timoris
203 681 314 756 simul
343 683 629 781 calliditatisque
661 683 789 782 plena,
826 687 902 756 sine
932 685 1006 758 ullo
1033 687 1146 760 detri-

28 803 161 870 mento
188 797 289 870 milia
319 821 395 870 non
426 795 584 896 amplius
611 800 642 870 X
671 797 854 896 progressi
882 797 1035 888 lrostes,
1059 797 1145 874 loco

28 912 283 986 munitissimo
310 919 433 1022 castra
460 920 674 1010 posuerunt.
706 912 819 1000 lude,
844 937 960 1010 quum
979 939 1088 1014 saepe
1106 919 1146 991 in

27 1028 171 1100 insidiis
197 1029 340 1125 equites
366 1025 577 1126 peditesque
605 1027 865 1126 disponerent,
906 1055 1042 1130 magna
1077 1033 1145 1108 de-

28 1146 212 1223 trimenta
237 1145 416 1219 Romanis
442 1145 481 1221 in
507 1143 808 1241 pabulationibus
837 1147 1058 1224 inferebant.-

87 1284 145 1353 ¹7·
171 1259 282 1352 Quod
309 1284 424 1358 quum
452 1261 617 1335 crebrius
657 1260 867 1352 accideret,
908 1287 955 1338 ex
995 1267 1145 1364 captivo

27 1373 198 1470 quodam
225 1377 408 1472 comperit
434 1375 589 1458 Caesar,
617 1376 823 1463 Correum,
857 1375 1146 1452 Bellovacorum

26 1493 198 1580 Ducem,
225 1491 513 1568 fortissimorum
541 1488 642 1566 milia
668 1493 722 1564 VI
746 1491 915 1590 peditum
943 1493 1145 1594 delegisse,

29 1605 249 1704 equitesque
276 1630 322 1680 ex
348 1606 451 1682 omni
477 1629 633 1678 numero
659 1607 725 1697 M,
752 1631 845 1702 quos
871 1607 910 1680 in
936 1607 1075 1682 insidiis
1102 1633 1147 1682 eo

28 1720 118 1792 loco
144 1721 386 1806 conlocaret,
413 1745 524 1820 quem
552 1718 768 1808 inlocum,
806 1727 960 1820 propter
999 1724 1147 1821 copiam

28 1839 214 1911 frumenti
241 1863 284 1912 ac
310 1837 462 1937 pabuli,
490 1838 680 1912 Romanos
708 1837 931 1935 pabulatum
971 1840 1149 1914 missuros

27 1957 315 2054 suspicaretur.·
350 1959 435 2048 Quo
462 1954 614 2053 cognito
641 1952 815 2042 consilio,
833 1955 968 2026 Caesar
983 1955 1149 2056 legiones

25 2067 178 2168 plures,
205 2093 320 2166 quam
345 2067 515 2155 solebat,
548 2067 701 2153 educit;
736 2069 1041 2166 equitatumque,
1073 2095 1149 2170 qua

29 2182 303 2257 consuetudine
331 2180 611 2280 pabulatoribus
627 2184 776 2256 mittere
797 2183 978 2278 praesidia
996 2207 1151 2256 consue·

28 2305 117 2388 rat,
143 2299 363 2396 praemittit.
413 2300 512 2372 Huic
546 2298 753 2396 interponit
784 2297 919 2372 auxilia
959 2297 1052 2372 levis
1088 2325 1152 2372 ar-

31 2422 228 2491 maturae:
254 2417 332 2513 ipse
350 2440 437 2491 cum
455 2415 680 2515 legionibus,
700 2437 813 2512 quam
832 2422 956 2512 potest
973 2417 1152 2509 maxime,

29 2531 324 2630 adpropinquat.
833 2534 837 2540 ’

57 2730 62 2746 Ι
95 2645 152 2718 ι8.
180 2645 314 2718 Hostes
340 2645 378 2717 in
404 2641 544 2717 insidiis
570 2641 758 2741 dispositi,
780 2665 895 2739 quum
915 2641 984 2716 sibi
1003 2641 1154 2744 delegis.

29 2767 121 2831 sent
149 2783 326 2857 campum
353 2758 496 2832 adrem
515 2757 739 2857 gerendam,
757 2779 831 2828 non
849 2754 1008 2854 amplius
1026 2763 1158 2854 patene

27 2884 118 2950 tem
144 2875 181 2948 in
208 2899 337 2948 ornnes
363 2879 487 2973 partes
514 2874 681 2971 passibus
707 2874 767 2962 M,
792 2872 895 2946 silvis
913 2873 1076 2972 undique
1094 2875 1154 2948 in·
1212 2889 1216 2898 '
1245 2922 1247 2931 ·

26 2988 278 3088 peditissimis
295 2994 363 3064 aut
382 2988 561 3062 altissimo
580 2985 732 3060 flumine
750 2989 961 3076 munitum,
978 2988 1083 3060 velut
1101 2990 1157 3059 in·

29 3105 172 3204 dagine
197 3105 297 3178 hunc
322 3103 461 3178 insidiis
486 3103 828 3180 circumdederunt.
857 3105 1062 3202 Explorato
1089 3103 1156 3177 ho·

25 3221 156 3293 stium
183 3219 359 3310 consilio,
383 3219 523 3308 nostri,
548 3219 594 3292 ad
617 3217 874 3317 proeliandum
896 3221 1153 3314 animoatque

28 3335 154 3409 armis
181 3335 327 3432 parati,
352 3357 470 3431 quum
495 3332 805 3430 subsequentibus
832 3331 1037 3430 legionibus
1068 3330 1155 3404 nul-

24 3455 116 3528 lam
144 3451 421 3526 dimicationem
448 3455 683 3539 recusarent,
708 3451 906 3522 turmatim
932 3451 971 3520 in
998 3471 1085 3522 eum
1104 3447 1158 3520 lo-

27 3591 130 3640 cum
159 3565 403 3639 devenerunt.
455 3566 627 3656 Quorum
654 3561 821 3639 adventu
846 3586 964 3660 quum
981 3563 1049 3634 sibi
1067 3563 1158 3634 Cor·

27 3707 129 3758 reus
157 3681 322 3754 oblatam
349 3681 584 3752 occasionem
608 3681 662 3752 rei
688 3679 870 3779 gerendae
902 3681 1158 3763 existimaret,

26 3799 208 3900 primum
235 3819 322 3868 cum
349 3795 478 3893 paucis
505 3819 543 3867 se
570 3795 735 3869 ostendit
761 3800 873 3892 atque
903 3795 942 3866 in
970 3793 1159 3892 proximas

77 4075 105 4122 tn
120 4068 332 4138 pabulationibus.
364 4061 396 4117 In
416 4063 475 4117 aliie
491 4061 569 4118 codd·
670 4063 770 4116 auxilia
788 4064 834 4116 lev.
853 4083 920 4118 orm.
938 4064 992 4118 Alii
1007 4067 1149 4136 praesidia.
1260 4121 1267 4136 s

30 4137 207 4212 praepositio
223 4135 304 4189 deest.
668 4137 804 4198 nmmum,
818 4133 884 4184 velut
895 4135 1020 4204 mingine.
1033 4133 1088 4186 Alii
1096 4133 1163 4186 male

78 4207 234 4256 wnlowrat.
251 4203 313 4270 Leg.
329 4201 476 4252 rantwic.
502 4200 540 4252 M,
637 4201 705 4250 vehet
721 4201 772 4251 ind.
791 4205 923 4251 munitum,

77 4277 269 4342 equitatumque
286 4296 318 4308 -
334 4267 395 4338 Leg.
413 4273 571 4338 equitatum,
671 4271 763 4318 nostri.
800 4266 938 4337 Perperam
957 4266 1035 4335 uulgo
1053 4268 1162 4320 refertm

30 4359 121 4412 quem
150 4359 196 4392 sna
218 4355 303 4388 consu.
329 4353 355 4405 p.
382 4355 416 4387 m.
438 4335 571 4408 praesidio
638 4335 671 4388 ad
687 4335 912 4396 circumdederunt.
930 4333 960 4386 ld
980 4353 1012 4386 ue
1030 4333 1086 4388 lieri
1103 4353 1163 4406 pos-

31 4425 118 4464 oom-
134 4408 180 4462 Sic
196 4407 284 4458 Davis-
303 4413 330 4457 et
346 4402 474 4456 Clarkius.
499 4401 542 4455 Μ.
637 4403 686 4464 sit,
703 4401 785 4456 locavi
804 4403 996 4472 pertransitio.

152 4506 308 4581 CAESAR.
335 4501 528 4577 Commeat.
555 4502 662 4573 Tum.
690 4502 718 4572 1.
934 4503 966 4571 T
994 4507 1010 4572 t
1088 4517 1093 4529 ‘
