3068 5260
386 391 465 450 mn.
502 391 528 462 1.
564 391 655 450 cnr.
697 357 863 475 14-16.
1127 399 1195 493 ¹9

73 613 163 662 sese
179 611 262 661 cum
277 589 324 662 iis
340 615 465 689 pacem
483 570 772 686 essesaclurum.
823 591 957 666 Divico
975 593 1165 692 respondit
1187 621 1197 664 ε

75 704 142 776 Ita
160 705 338 779 Helvetios
362 733 385 776 a
410 707 603 778 maioribus
628 711 706 780 suis
732 711 913 780 institutos
938 735 1037 793 esse,
1064 715 1120 782 uti
1141 712 1199 782 ob.-

74 819 180 891 sides
205 823 391 920 occipere,
417 846 487 891 non
518 821 629 909 darc,
664 827 897 894 consuerint:
930 827 1005 896 eius
1037 827 1091 931 rei
1121 825 1198 894 Pc-
1253 889 1255 898 .

71 936 208 1031 pulum
234 935 438 1026 Romanum
464 961 541 1010 esse
567 950 702 1009 testem.

138 1049 197 1119 15.
213 1049 295 1122 Hoc
309 1042 487 1148 responso
498 1050 605 1140 dato,
623 1051 800 1124 discessit.
827 1049 981 1123 Postero
1001 1048 1059 1123 die
1074 1059 1198 1124 castra

75 1187 127 1234 ex
156 1188 200 1235 eo
227 1163 311 1238 loco
338 1172 523 1238 movent:
560 1165 659 1238 idem
687 1166 779 1239 facit
805 1166 939 1238 Caesar
967 1167 1200 1262 equitatum-

76 1304 156 1376 que
175 1303 343 1370 omnem,
367 1281 630 1354 adnumerum
650 1288 813 1380 quatuor
831 1280 995 1370 milium,
1020 1265 1132 1378 quem
1152 1309 1199 1360 ex

77 1395 187 1464 omni
199 1396 397 1468 Provincia
417 1402 455 1468 et
469 1396 607 1469 Aeduis
623 1402 735 1492 atque
752 1417 883 1468 eorum
897 1395 1006 1466 sociis
1020 1403 1199 1470 coactum

76 1504 265 1598 habebat,
286 1510 515 1607 praemittit,
534 1511 598 1608 qui
618 1509 787 1596 videant,
804 1531 896 1606 quas
921 1509 957 1580 in
984 1514 1109 1607 partes
1132 1511 1199 1582 ho.-

79 1629 158 1695 stes
175 1625 249 1696 iter
266 1626 415 1699 faciant.
460 1627 728 1726 Qui,cupidius
743 1627 987 1700 novissimum
1003 1653 1137 1726 agmen
1150 1630 1200 1702 in-

80 1741 216 1830 secuti,
226 1741 346 1814 alieno
360 1742 444 1816 loco
458 1733 545 1816 cum
560 1741 1000 1840 equitatullelvetiorum
1016 1745 1199 1844 proelium

80 1861 350 1933 committunt:
376 1869 415 1934 et
434 1862 541 1960 pauci
562 1860 605 1932 de
624 1862 759 1932 nostris
774 1857 925 1931 cadunt.
960 1843 1044 1951 Quo
1059 1863 1200 1960 proelio

83 1970 223 2044 sublati
257 1973 443 2064 Helvetii,
470 1974 569 2072 quod
598 1974 809 2072 quingentis
837 1973 1026 2069 equitibus
1044 1979 1201 2058 tantam
1287 1997 1288 2000 ’

82 2088 366 2164 multitudinem
386 2093 555 2188 equitum
583 2090 846 2188 propulerant,
878 2085 1054 2162 audacius
1081 2095 1199 2167 subsi-

81 2214 203 2297 stere,
223 2231 488 2304 nonnunquam
509 2233 556 2280 ex
579 2210 781 2279 novissimo
805 2209 1113 2306 agmine-proelio
1133 2236 1198 2282 no-

83 2327 182 2394 stros
199 2321 378 2394 lacessere
397 2328 613 2421 coeperunt.
658 2322 793 2392 Caesar
813 2345 934 2393 suosa
955 2319 1095 2417 proelio
1111 2349 1200 2396 conf

82 2438 228 2510 tinebat
245 2463 289 2511 ac
303 2441 393 2512 satis
408 2439 571 2511 habebat
584 2440 621 2510 in
639 2439 868 2536 praesentia,
883 2437 1030 2510 bostem
1048 2441 1199 2538 rupinis,

72 2554 384 2656 'pabulationibus
402 2553 779 2654 populationibusque
797 2556 1004 2655 probibere.
1044 2561 1101 2631 lta
1121 2561 1212 2635 dies·

81 2672 232 2752 circiter
250 2672 462 2769 quindecim
477 2670 755 2761 iterfecerunt,
771 2675 825 2745 uti
841 2675 939 2746 inter
955 2676 1199 2751 novissimum

79 2789 247 2861 bostium
267 2814 401 2888 agmen
416 2795 454 2860 et
470 2794 639 2859 nostrum
660 2789 824 2886 primum
845 2817 918 2862 non
940 2791 1099 2892 amplius
1119 2797 1200 2892 qui-

80 2907 137 2978 nis
155 2913 222 2979 aut
241 2909 337 2978 senis
355 2903 504 2977 milibus
522 2929 698 3002 passuum
718 2907 927 2983 interesset.

137 3019 192 3091 16.
220 3019 375 3091 Interim
403 3017 571 3115 quotidie
597 3019 733 3090 Caesar
760 3020 907 3094 Aeduos
936 3023 1193 3114 frumentum,

80 3130 181 3227 quod
208 3139 330 3204 essent
356 3131 502 3230 publice
529 3129 706 3229 polliciti,
725 3131 913 3232 flagitare:
935 3160 1020 3206 nam
1041 3145 1195 3235 proptor

78 3248 240 3347 frigora,
258 3249 358 3347 quod
375 3247 495 3320 G'allin
512 3247 580 3320 sub
599 3251 947 3345 septemtrionibus,
968 3260 1011 3324 ut
1029 3259 1115 3325 ante
1135 3253 1194 3326 di.-

83 3371 208 3455 ctum,
222 3367 344 3464 posita
363 3370 439 3453 est,
457 3389 532 3436 non
546 3365 659 3440 modo
675 3365 862 3438 frumenta
880 3369 916 3438 in
934 3372 1031 3466 agris
1047 3377 1197 3450 matura

80 3489 289 3572 nonerunt,
300 3481 364 3555 secl
380 3505 423 3564 ne
440 3479 562 3580 pabuli
574 3480 727 3576 quidem
739 3483 827 3554 satis
843 3508 976 3581 magna
987 3487 1095 3584 copia
1110 3488 1197 3590 sub·
1259 3575 1262 3587 Ι

82 3595 253 3692 petebat:
272 3619 315 3666 eo
335 3601 462 3668 autem
483 3594 692 3683 frument0,
715 3596 815 3692 qood
838 3593 990 3670 flumine
1008 3599 1115 3670 Arari
1137 3625 1201 3672 na-

83 3711 191 3783 ribus
210 3713 456 3800 subvexerat,
473 3719 667 3808 propterea
692 3697 813 3783 minus
832 3714 888 3784 uti
908 3719 1077 3810 poterat,
1096 3717 1197 3812 quod

81 3829 153 3902 iter
170 3829 217 3901 ab
236 3829 352 3910 Arare
370 3828 534 3906 Helvetii
555 3833 793 3918 averterant,
813 3855 833 3902 a
853 3831 988 3928 quibus
1006 3833 1195 3907 discedere

114 4015 197 4066 alieno
216 4015 281 4066 loco.
311 4015 465 4088 Opponitur
482 4035 527 4067 sno
545 4015 606 4070 Sal·
707 4015 761 4066 dies
778 4015 893 4085 qnindec.
920 4015 975 4070 Alii
1001 4017 1141 4084 duodecim,

81 4081 143 4134 lust.
166 4082 222 4153 lug.
249 4089 289 4134 ει.
307 4083 326 4132 i.
353 4105 375 4136 e.
402 4095 555 4156 opportuno
571 4084 605 4136 V.
704 4102 833 4151 passuum.
867 4084 895 4134 in
929 4084 988 4136 aliis
1025 4086 1105 4138 deest.
1142 4105 1197 4139 nou

81 4159 109 4202 et
127 4149 183 4200 liv.
203 4159 251 4213 42,
270 4152 309 4216 43.
672 4151 748 4202 mule.
775 4152 858 4209 sinet
874 4150 940 4203 alibi
957 4151 1065 4214 Caesar,
1084 4163 1195 4219 ntuli.

113 4234 146 4266 ex
162 4221 255 4268 noviss.
274 4221 386 4286 agmine.
404 4217 460 4270 Alii
477 4231 511 4268 ct.
674 4235 689 4270 2
699 4257 707 4280 ,
725 4217 765 4268 3ο.
792 4226 840 4270 etc.

111 4283 327 4351 pabulationibus.
352 4285 409 4338 lloc
433 4287 543 4338 vorlmm
571 4285 605 4338 ab
707 4297 733 4334 ur
746 4285 920 4336 antedictum.
940 4287 982 4337 An
1001 4288 1106 4356 respicit
1118 4287 1195 4339 verba

78 4351 139 4403 odd.
164 4349 248 4417 vulgg.
276 4349 373 4412 abest,
399 4353 477 4424 culpa
508 4353 604 4408 Vossll.
673 4353 767 4421 capitis
785 4353 883 4443 primi:
915 4358 1002 4424 uergit
1027 4355 1063 4406 ad
1087 4367 1195 4422 septeni:

78 4419 124 4472 M.
149 4419 278 4472 Restituit
295 4418 386 4481 Daris.
674 4432 787 4471 triones.¹
830 4421 871 4472 M.
904 4452 907 4458 ·

1182 4558 1200 4588 Q
