3068 5260
309 391 312 400 ·
397 371 476 430 ue.
512 372 539 430 1.
573 371 665 431 cnr.
710 338 879 433 16-18.
1127 373 1183 434 ιι

66 577 231 651 raverint
263 575 445 660 Romani,
482 530 555 646 uita
595 602 678 648 cum
714 579 851 676 reliqua
892 578 1009 652 Gallio
1049 578 1190 656 Aeduis

65 681 268 765 libertatem
291 696 366 762 sint
391 696 558 786 erepturi.
610 689 668 763 Ab
699 693 826 765 iisdem
857 707 979 764 nostra
1012 697 1190 786 consilia,

65 835 231 908 quaeque
256 812 294 878 in
319 811 449 880 castris
472 819 673 904 gerantur,
696 806 857 880 hostibus
882 815 1093 884 enunciari:
1120 809 1189 887 lzos

67 949 94 992 a
111 949 152 996 se
171 927 330 994 coiraeri
352 947 422 992 non
442 945 574 1018 posse.-
599 929 686 1018 quin
711 927 847 1012 etiam,
871 923 968 1020 quod
991 931 1191 1000 necessario

67 1063 151 1114 rem
194 1051 338 1110 coactus
383 1034 531 1108 Caesari
566 1043 797 1124 enunciarit,
838 1041 1041 1138 intellegere
1083 1065 1190 1126 sese,

69 1167 207 1250 quanto
233 1153 274 1225 id
295 1179 378 1224 cum
401 1153 561 1250 periculo
572 1152 742 1246 fecerit,
767 1167 802 1230 et
826 1156 868 1227 ob
893 1180 972 1228 eom
998 1183 1191 1247 caussam,

68 1297 185 1369 quarn
209 1270 273 1343 diu
295 1274 480 1368 potuerit,
506 1275 674 1344 tacuisse.

131 1385 189 1456 18.
216 1385 350 1456 Caesar
376 1385 446 1456 hnc
473 1387 642 1458 oratione
663 1387 761 1459 Lisci
779 1389 1070 1487 Dumnorigem,
1087 1389 1196 1462 Divi-

72 1503 167 1576 tiaci
185 1504 358 1591 fratrem,
372 1501 553 1599 designari
570 1503 774 1584 sentiebat:
794 1503 877 1592 sed,
896 1503 996 1600 quod
1024 1505 1194 1603 pluribus

73 1617 333 1716 praesentibus
345 1641 406 1690 eas
418 1641 476 1688 res
490 1618 622 1690 iactari
632 1617 795 1708 nolebat,
805 1617 1192 1695 celeriterconciiium

75 1735 256 1822 dinnttit,
272 1733 424 1806 Liscum
441 1734 597 1804 retinet:
618 1735 766 1834 quoerit
782 1758 829 1806 ex
845 1732 925 1806 solo
944 1759 1004 1824 ea,
1032 1759 1127 1832 quae
1144 1737 1161 1850 i

75 1855 271 1920 conventu
289 1847 447 1920 dixerat.
485 1848 589 1920 Dicit
605 1845 757 1920 liberius
776 1855 891 1946 atque
906 1849 1096 1923 audacius.
1124 1851 1196 1922 Ea-

76 1961 162 2034 dem
181 1968 325 2036 secreto
345 1964 390 2034 ab
410 1960 490 2036 aliis
509 1963 676 2061 quaerit3
691 1964 830 2062 reperit
844 1988 921 2036 esse
936 1989 1037 2038 vere.
1068 1965 1195 2064 Ipsum

74 2101 154 2148 esse
191 2075 476 2175 Dumnorigeru,
521 2103 663 2149 summa
705 2077 886 2167 audacio,
924 2107 1059 2177 magna
1097 2077 1198 2178 apud

71 2191 210 2289 plebem
231 2206 377 2288 propter
401 2191 647 2306 liberalitatem
675 2198 829 2292 gratia,
865 2195 1035 2290 cupidum
1070 2219 1194 2268 rerum

73 2331 277 2380 novarum:
311 2306 504 2404 compluris
538 2333 650 2379 arenas
681 2311 842 2405 portoria
876 2310 1079 2406 reliquaque
1110 2333 1196 2380 om-

75 2430 141 2496 nia
174 2420 382 2504 Aeduorum
412 2425 603 2520 vectigalia
634 2450 747 2524 parvo
780 2429 894 2523 prett'o
930 2426 1087 2498 redemta
1124 2421 1197 2494 lra-

76 2539 185 2626 here,
207 2550 394 2634 propterea
419 2539 597 2634 quod'illa
624 2541 750 2615 licente
779 2553 904 2611 contra
933 2537 1035 2612 liceri
1064 2535 1196 2608 audeat

77 2678 191 2726 neruo.
242 2652 313 2724 His
326 2651 431 2724 rebus
446 2667 480 2726 et
500 2680 604 2725 suom
627 2679 703 2726 rem
712 2652 945 2746 familiarem
968 2658 1135 2736 aucune,
1159 2665 1195 2724 et

60 2767 269 2862 facultates
300 2767 351 2842 cd
380 2767 608 2866 largiendum
642 2795 796 2866 magnas
826 2792 1079 2866 comparasse:
1110 2791 1195 2844 ma-¹

72 2910 192 2982 gnum
218 2899 406 2963 numerum
430 2889 607 2981 equitatus
633 2910 698 2956 suo
723 2897 846 2956 sumtu
870 2907 1009 2980 semper
1038 2881 1134 2952 alere
1159 2893 1193 2952 et

76 3005 216 3070 circmn
238 3023 277 3070 se
299 2997 446 3071 derdere:
470 3023 581 3095 neque
603 3000 718 3070 solum
740 2997 855 3091 domi,
880 2995 945 3068 sed
965 2998 1071 3068 etiam
1094 2989 1195 3088 apud

62 3109 250 3208 finitimas
276 3107 436 3187 civitates
452 3115 613 3211 ¹largiter
635 3139 765 3211 posse:
805 3126 911 3209 atque
936 3107 1046 3180 lectius
1068 3119 1194 3204 poten-

60 3215 147 3302 'tiae
174 3255 304 3301 caussa
329 3243 479 3300 matrem
505 3233 544 3298 in
569 3229 799 3328 Biturigibus
825 3227 965 3298 homini
987 3225 1063 3296 illic
1095 3221 1194 3293 nobi-

75 3349 213 3420 lissima
235 3373 278 3418 ac
292 3349 537 3444 potentissimo
560 3346 788 3418 conlocasse:
814 3347 934 3441 ipsum
954 3366 1001 3412 ea
1023 3339 1198 3412 Helvetiis

76 3491 228 3540 uxorem
249 3463 399 3556 ¹luthere:
426 3487 583 3534 sororem
604 3486 651 3534 ex
674 3473 789 3532 matre
809 3472 843 3532 et
860 3461 1080 3555 propinquas
1101 3479 1189 3528 suas

93 3673 199 3724 nimam
227 3668 441 3722 consecutionem
465 3665 601 3718 orationis.
669 3661 739 3716 Male
773 3661 887 3712 Fairuus
915 3663 1105 3726 expunxerat,
1141 3671 1195 3707 un·

77 3693 119 3791 il.
152 3738 304 3792 Delendum
335 3743 360 3790 ei
389 3735 495 3785 debeant
525 3742 602 3803 putat
670 3731 757 3782 codice
776 3736 873 3779 motus.
1188 3722 1190 3730 ’

77 3806 148 3859 Oud.
166 3804 309 3858 subaudire
326 3824 368 3864 se,
394 3805 422 3854 ni
441 3802 491 3852 hoc
513 3819 539 3851 se
557 3801 602 3853 od-
701 3798 734 3848 αὑ
760 3796 819 3856 aliis
845 3795 955 3864 qrreerit.
981 3789 1194 3866 Abesthuaerit

78 3875 138 3926 dere
157 3871 242 3926 malis.
263 3871 351 3940 Quam
369 3871 511 3922 lectionem
529 3867 602 3919 exhi-
669 3863 702 3916 nb
720 3861 778 3914 edd.
796 3860 879 3930 vulgg·
898 3859 951 3911 Sed
972 3867 1059 3909 exsut
1079 3873 1107 3905 ιιι
1136 3873 1194 3906 οιιι-

77 3941 148 4002 beo,
173 3960 202 3992 en
220 3950 260 3992 cst
278 3959 357 4019 cluam
373 3959 386 3988 e
404 3935 479 3990 codd
498 3943 525 3986 et
542 3933 601 3986 edd.
669 3930 749 3982 nibus
779 3925 922 3982 codicibus.
952 3926 994 3976 M.
1024 3933 1052 3974 et
1079 3923 1195 3976 Graccis
1280 3959 1285 3967 .

78 4019 131 4061 vet.
149 4009 267 4060 restituit
285 4025 314 4058 ιιι
328 4006 445 4057 editione
460 4003 602 4074 posteriore
669 4001 800 4067 interpres
829 3993 917 4046 habet.
947 3991 1121 4063 Superiluum
1145 3989 1195 4042 du‘·

78 4075 148 4128 Oud.
180 4075 227 4144 qui
250 4077 278 4124 in
303 4075 384 4146 priori
407 4071 515 4125 dederat
543 4071 599 4120 eie:
669 4075 743 4118 xerat
760 4061 883 4132 Scaliger.

78 4145 149 4214 quod
176 4155 294 4212 prestare
323 4141 423 4198 deant,
453 4143 475 4190 si
499 4141 551 4187 iam
570 4164 602 4194 ·-,
702 4133 749 4184 illo
778 4134 876 4182 licente.
905 4127 951 4180 olii
979 4127 1085 4178 dicente.
1109 4121 1193 4185 mele,

75 4209 217 4280 perferre:
245 4227 323 4279 neque
340 4208 458 4258 dubitare
474 4205 600 4276 deleant,
670 4210 696 4254 et
714 4218 775 4253 mox
792 4197 977 4249 contradicere.

79 4297 134 4350 quo
159 4279 272 4330 refertur
289 4285 351 4328 note
379 4274 528 4346 praemissa.
554 4291 559 4309 ·
703 4269 842 4319 sedetiam
864 4265 992 4384 npud.'1·3
1014 4265 1092 4312 etiem
1121 4259 1195 4336 deest

669 4338 698 4386 in
716 4335 772 4387 cod.
785 4333 878 4386 Dorvii
891 4352 909 4383 ιι
926 4339 953 4382 et
970 4329 1028 4381 edd.
1041 4337 1091 4379 vet.
1110 4325 1155 4377 Sic
1167 4333 1194 4376 ot

112 4424 222 4468 coaetus·
251 4409 298 4464 Sic
325 4409 402 4464 codd.
431 4417 458 4462 ct
486 4405 526 4461 ed.
550 4411 602 4462 ret.
669 4397 1151 4468 alibi,ut1,43.vidoer6,4s.
1230 4435 1232 4441 Α
