3026 5264
321 713 723 870 Auctore.Sretonio
751 789 852 889 (Iul.
872 789 949 886 56)
977 795 1146 875 constat,
1174 789 1275 862 hunc
1293 787 1435 862 librum

321 951 398 1000 non
433 949 510 1000 esse
544 951 566 997 a
599 925 755 998 Caesare
790 925 999 1022 scripturn,
1034 919 1098 994 sed
1131 923 1255 994 Hirtio
1290 923 1439 994 auctori

321 1055 533 1144 tributum,
557 1077 787 1151 quamquam
813 1077 902 1126 curn
928 1050 1052 1150 aliqua
1078 1049 1328 1124 dubitatione.
1387 1051 1439 1124 Et

320 1185 377 1250 est
403 1179 515 1251 Hirtii
544 1203 679 1252 nornen
705 1179 743 1252 in
778 1177 1000 1278 quibusdam
1034 1177 1226 1250 codicibus
1261 1177 1439 1276 praescri·

321 1316 444 1408 ptum.
497 1309 569 1381 Sed
596 1309 658 1406 qui
687 1307 825 1382 librarii
852 1307 1169 1408 praescripserunt
1194 1333 1332 1384 nornen
1352 1307 1439 1381 Auli

318 1442 432 1514 Hirtii
450 1442 608 1528 Pansae,
640 1439 958 1539 praescripserunt
982 1445 1110 1512 autern
1135 1439 1324 1540 plerique,
1342 1447 1439 1514 teste

322 1569 619 1666 Oudendorpio,
645 1567 681 1640 lri
708 1567 904 1640 manifeste
932 1575 1132 1658 errarunt,
1158 1571 1336 1668 quoniam
1354 1573 1440 1645 Hir-

320 1697 399 1770 tius
425 1702 461 1767 et
487 1695 605 1766 Pansa
627 1692 701 1764 duo
721 1695 857 1766 diversi
876 1695 947 1767 viri
965 1695 1138 1784 luerunt,
1157 1697 1220 1792 qui
1239 1699 1285 1769 Α.
1299 1700 1347 1768 V.
1366 1720 1435 1790 7¹1

325 1817 524 1892 consulatu
550 1817 670 1892 functi
697 1827 796 1897 sunt.
840 1821 1293 1923 Cl.Sretou.Aug.1o.
1336 1825 1440 1896 Non·

320 1945 415 2018 nulli
441 1947 607 2047 Oppium
635 1952 888 2043 nominarunt.
942 1953 1060 2051 igitur
1086 1977 1175 2026 oum
1201 1951 1294 2024 alius
1322 1951 1438 2026 alium

321 2063 516 2150 auctorem
543 2075 725 2166 ediderit,
759 2085 816 2151 est
849 2103 908 2151 res
940 2081 1083 2154 incerta
1110 2081 1284 2178 quidem,
1313 2084 1437 2156 verisi-

321 2205 479 2280 millirna
506 2212 634 2279 tamen
660 2205 706 2280 de
732 2209 857 2282 Hirtio
882 2216 1038 2282 auctore
1064 2211 1260 2283 sententia.
1304 2213 1436 2290 Sveto-

320 2339 406 2409 rrius
433 2337 584 2436 quidem
603 2337 746 2435 aliquot
765 2328 879 2412 verlra
898 2339 1096 2437 epistolae,
1112 2339 1201 2412 lruic
1219 2337 1314 2411 libro
1334 2365 1436 2439 prae-

320 2471 474 2554 missae,
502 2473 637 2568 repetit
662 2477 702 2544 et
728 2471 839 2542 Hirtii
861 2469 973 2548 verba
993 2494 1071 2542 esse
1095 2467 1313 2568 simpliciter
1332 2469 1436 2542 dicit.

320 2591 424 2678 Haec
453 2611 509 2676 est
537 2627 683 2674 summa
709 2627 860 2692 eorum,
887 2627 981 2700 quae
1001 2601 1223 2700 interpretes
1242 2601 1286 2672 de
1308 2600 1380 2675 hac
1399 2628 1438 2675 re

322 2733 574 2830 disputarunt.
626 2731 809 2804 Dodwelli
837 2733 1047 2807 dissertatio
1075 2733 1119 2804 de
1147 2738 1301 2804 anctore
1329 2731 1437 2802 huius

320 2865 438 2956 libri,
471 2891 582 2962 quern
616 2867 739 2938 Hirtio
774 2868 898 2966 potius
930 2891 1045 2964 quarn
1070 2866 1193 2963 Oppio
1222 2861 1438 2950 adtribuit,
1498 2893 1499 2935 l

316 3000 445 3066 exstat
461 2999 569 3066 etiam
590 2993 627 3065 in
646 2995 808 3070 editione
827 2997 992 3068 Caesaris
1010 2991 1326 3090 Oudendorpiana
1341 2991 1386 3062 Τ.
1402 3013 1436 3060 a.
1497 3085 1498 3094 ἵ

320 3149 358 3224 p.
390 3147 496 3218 ¹007·
542 3125 784 3200 Plutarchum
809 3128 847 3199 in
867 3129 946 3200 vita
964 3125 1128 3198 Caesaris
1147 3147 1204 3194 res
1222 3121 1306 3192 libri
1327 3119 1434 3192 huius

321 3256 448 3327 octavi
475 3253 584 3352 plane
611 3257 862 3354 praeteriisse,
888 3259 1014 3329 miror.
1058 3251 1133 3328 Nee
1161 3252 1432 3350 metaphrastes

322 3383 490 3466 Graecus
517 3409 604 3458 euin
635 3387 761 3458 vertit.

352 3815 475 3869 Servatus
493 3815 533 3868 Lu
555 3836 596 3876 us,
615 3819 710 3870 l'crrar.
734 3818 839 3875 Ablras,
909 3820 1009 3870 tionem
1028 3816 1111 3876 lacit,
1128 3815 1209 3870 liuius
1231 3817 1312 3870 istum
1336 3822 1428 3866 temere

320 3881 367 3940 ubi
385 3894 462 3962 aput.
480 3883 521 3948 37.
536 3835 636 3962 llartii,
648 3885 763 3964 Caesaris
775 3904 842 3936 ersm-
909 3887 1042 3938 notarlnm
1059 3883 1133 3936 dicit.
1266 3911 1270 3935 f

322 3961 512 4010 ureutanorum
540 3961 743 4012 conunuatorrs,
769 3971 843 4006 men·
