3032 5266
355 349 448 472 416
719 383 775 444 ns
811 383 945 445 nunno
980 384 1108 446 curu

361 655 365 670 ,
405 603 464 674 70.
489 581 582 656 Erat
606 583 646 654 iu
680 581 871 659 celeritate
906 609 1018 662 omne
1049 586 1213 685 positum
1244 593 1478 678 certarnen,

352 701 427 776 utri
448 699 548 796 prius
565 701 754 800 angustias
773 708 993 798 montesque
1014 705 1263 798 occuparent:
1282 700 1346 772 sed
1365 727 1478 774 exer·

353 818 470 890 citum
498 817 663 890 Caesaris
683 817 829 890 viarum
846 813 1085 891 difficultates
1104 815 1325 902 tardabant;
1354 820 1478 892 Afra-

354 935 402 1008 nii
430 935 557 1033 copias
582 935 771 1032 equitatus
803 934 970 1008 Caesaris
997 935 1194 1030 insequens
1237 935 1479 1010 morabatur.

231 1047 236 1062 ¹
352 1047 426 1122 Res
460 1060 584 1122 tamen
617 1049 665 1122 ab
692 1049 901 1124 Afranianis
941 1050 1015 1122 huc
1055 1056 1137 1122 erat
1164 1049 1374 1122 necessario
1412 1052 1479 1124 de-

352 1162 494 1252 ducta,
521 1170 584 1248 ut,
614 1165 642 1238 si
676 1167 815 1270 priores
851 1167 1017 1254 montis,
1043 1187 1136 1262 quos
1169 1165 1371 1262 petebant,
1409 1166 1479 1238 ad-

353 1281 545 1381 tigisseot,
563 1282 630 1380 ipsi
651 1279 858 1382 periculum
877 1283 1063 1366 vitarent,
1080 1279 1335 1378 iupedimenta
1354 1283 1479 1354 totius

354 1397 540 1471 exercitus
570 1397 843 1494 cohortesque,
883 1397 920 1470 in
955 1395 1085 1470 castris
1112 1394 1290 1480 relictas,
1319 1421 1478 1470 serrare

353 1535 429 1584 non
458 1517 632 1610 possent,
658 1511 812 1612 quibus,
840 1511 1049 1586 interclusis
1081 1511 1250 1584 exercitu
1278 1510 1479 1599 Caesaris,

353 1625 533 1700 auxilium
563 1627 647 1700 ferri
676 1627 776 1700 nulla
802 1628 946 1700 ratione
974 1631 1134 1724 poterat.
1169 1621 1346 1697 Confecit
1372 1627 1478 1721 prior

353 1744 427 1816 iter
453 1743 589 1816 Cacsar
614 1751 749 1840 atque,
773 1766 820 1814 ex
847 1743 989 1842 maguis
1016 1739 1170 1838 rupibus
1197 1741 1333 1808 nactus
1358 1736 1478 1834 plani·

355 1854 467 1942 tiern,
493 1858 531 1928 in
560 1857 628 1930 hac
655 1863 787 1932 contra
821 1857 968 1930 hostem
996 1855 1112 1930 aciem
1140 1851 1305 1924 instruit.
1367 1851 1477 1924 Afra·

357 1969 462 2057 nius,
488 1993 604 2066 quum
632 1971 679 2044 ab
705 1974 876 2069 equitatu
904 1971 1148 2044 novissimum
1176 1988 1310 2068 agmen
1331 1989 1477 2061 preme-

354 2093 461 2160 retur
488 2095 528 2162 et
557 2094 644 2162 erite
671 2111 709 2160 se
736 2089 882 2162 hostem
911 2087 1081 2174 videret,
1106 2081 1240 2158 cortem
1268 2083 1476 2178 quemdam

356 2212 510 2296 nactus,
536 2207 586 2282 ibi
606 2207 788 2282 constitit.
816 2205 935 2280 Exeo
952 2203 1036 2278 loco
1055 2207 1218 2300 quotuor
1236 2207 1474 2274 cetratorum

357 2321 524 2395 cohortis
551 2323 587 2397 in
614 2327 804 2410 montem,
830 2321 894 2417 qui
921 2327 1003 2394 erat
1020 2319 1058 2390 in
1076 2321 1281 2414 conspectu
1301 2318 1474 2388 omnium

357 2434 649 2527 excelsissimus,
676 2439 806 2510 mittit.
835 2435 945 2508 Hunc
973 2455 1109 2532 magno
1131 2453 1240 2504 cursu
1261 2429 1474 2500 concitatos

356 2549 461 2624 iubet
488 2574 695 2650 occupare,
722 2577 765 2624 eo
794 2549 974 2639 consitio,
1002 2549 1055 2622 uti
1089 2549 1166 2647 ipse
1193 2541 1325 2616 eodem
1353 2541 1476 2614 omui-

356 2667 427 2742 bus
466 2670 581 2766 copiis
622 2667 866 2748 contenderet
906 2671 973 2754 et,
1012 2667 1159 2736 mutato
1193 2659 1348 2745 itinere,
1382 2659 1475 2755 iugis

241 2874 246 2882 .
357 2785 586 2881 Octogesam
613 2787 834 2882 perveniret.
878 2782 989 2855 Hunc
1020 2801 1136 2876 quum
1163 2773 1315 2870 obliquo
1343 2773 1473 2846 itinere

358 2899 490 2972 cetrati
519 2903 708 2994 peterent,
735 2897 973 2996 conspicatus
1000 2893 1191 2992 equitatus
1222 2890 1416 2976 Caesaris,
1439 2889 1474 2958 iu

358 3015 525 3092 cohortis
550 3018 720 3114 inpetum
747 3016 862 3088 facit:
890 3039 958 3088 uec
987 3012 1181 3084 minimam
1208 3011 1354 3105 partem
1382 3014 1474 3078 tem·

357 3136 457 3233 poris
485 3136 653 3231 equitum
682 3134 758 3204 vim
785 3129 920 3206 cetrati
941 3133 1123 3202 sustinere
1144 3129 1369 3224 potueruut,
1394 3149 1474 3196 om·

358 3277 497 3349 nesque
526 3252 572 3326 oh
599 3251 651 3324 eis
679 3249 928 3324 circumventi
968 3251 1006 3320 in
1050 3250 1256 3343 conspectu
1282 3245 1471 3338 utriusque

359 3377 547 3445 exercitus
573 3369 865 3444 interficiuntur.

414 3509 472 3581 7¹·
499 3489 591 3562 Erat
617 3487 764 3560 occasio
792 3483 885 3556 hene
912 3477 1093 3580 gerendae
1120 3479 1186 3549 rei.
1221 3477 1352 3573 Neque
1380 3499 1467 3548 rero

359 3597 398 3674 id
425 3601 619 3674 Caesarem
648 3599 836 3699 fugiebat,
865 3603 973 3667 tanto
999 3595 1068 3666 suh
1095 3591 1213 3664 ocutis
1239 3597 1394 3688 accepto
1415 3590 1472 3662 de·

359 3717 561 3802 trimento,
581 3717 820 3812 perterritum
841 3712 1048 3783 exercitum
1068 3709 1249 3780 sustinere
1269 3728 1342 3776 non
1360 3726 1471 3799 posse,

360 3834 579 3932 praesertim
606 3830 882 3904 circumdatum
903 3826 1067 3922 undique
1085 3826 1280 3922 equitatu,
1304 3843 1416 3918 quum
1435 3819 1468 3890 iu
1501 3849 1502 3858 ¹

360 3941 447 4020 ioco
474 3969 594 4043 aequo
617 3952 748 4042 ‘atque
789 3949 919 4042 aperto
958 3937 1251 4040 confligeretur:
1287 3937 1396 4032 idque
1426 3957 1477 4040 es·

365 4237 453 4366 uu
479 4233 890 4353 ’Μ”Μ
958 4245 1067 4350 uu·
1089 4228 1203 4282 Μ
1221 4223 1279 4279 Μ
1298 4235 1334 4292 ⁴¹
1359 4240 1394 4274 ’·
1411 4222 1466 4274 ”·

367 4368 430 4488 Md:
447 4440 546 4506 maguis
563 4437 673 4506 rupitne.
691 4435 710 4490 i.
731 4451 754 4488 e.
766 4437 892 4504 superans
993 4435 1074 4500 iugis,
1091 4447 1140 4502 per
1155 4429 1222 4498 iuga.
1239 4425 1396 4482 normann
