3028 5258
337 369 431 490 532,
703 399 761 461 ue
787 345 931 460 'uento
965 317 1094 460 civim

334 606 449 710 galeis
480 601 618 680 milites
649 627 697 678 ex
728 603 929 678 viminibus
960 603 1082 678 lacere
1117 605 1231 702 atque
1270 627 1480 704 aggerem¹

336 725 573 820 comportare
603 719 719 792 iubet.
746 719 811 790 His
836 719 976 818 paratis
1007 717 1148 808 rebus,
1171 741 1356 817 magnum
1390 742 1463 790 nu·

334 858 484 910 merum
511 831 602 907 levis
618 839 830 906 armaturae
849 839 888 906 et
906 833 1191 933 sagittariorum·
1205 855 1469 931 aggeremque

337 967 487 1022 omnem
508 952 623 1020 noctu
649 948 686 1020 in
710 947 877 1046 scaphas.
892 953 931 1020 et
958 971 1072 1021 naves
1097 945 1285 1021 actuarias
1313 945 1472 1042 inponit

334 1062 447 1136 etde
474 1060 596 1136 media
622 1069 733 1135 nocte
759 1063 933 1135 cohortes
959 1062 1177 1163 sexaginta,
1204 1081 1252 1132 ex
1277 1059 1463 1132 maximis

338 1167 471 1252 castris
496 1177 757 1278 praesidiisque
784 1177 992 1266 deductas,
1017 1177 1063 1250 ad
1091 1199 1175 1250 eam
1202 1159 1356 1272 partem
1380 1197 1468 1246 mu-

333 1294 524 1366 nitionum
551 1291 677 1381 ducit,
702 1314 798 1391 quae
825 1293 1061 1392 pertinebant
1084 1291 1132 1363 'ad
1160 1311 1261 1362 mare
1287 1286 1467 1385 longissi-

334 1431 472 1508 meque
498 1435 519 1481 a
546 1408 718 1482 maximis
744 1409 876 1482 castris
899 1409 1065 1484 Caesaris
1089 1407 1259 1481 aberant.
1311 1403 1467 1476 liudem

334 1549 474 1615 naves,
502 1548 594 1624 quas
620 1523 958 1598 demonstravimus
985 1547 1118 1625 aggere
1144 1531 1182 1597 et
1208 1521 1301 1595 levis
1328 1545 1465 1594 arma·

333 1645 442 1716 turae
465 1641 646 1714 militibus
672 1637 899 1738 completas,
925 1663 1089 1738 quasque
1110 1641 1155 1712 ad
1177 1637 1463 1734 Dyrrhachium

335 1781 451 1831 naves
472 1757 601 1856 longas
624 1756 806 1844 habebat,
828 1757 949 1829 mittit
965 1763 1020 1840 et,
1041 1755 1130 1852 quid
1157 1781 1178 1827 a
1206 1777 1354 1853 quoque
1376 1753 1461 1830 lieri

336 1873 451 1962 velit,
477 1871 668 1972 praecipit.
731 1869 790 1944 Ad
816 1892 879 1943 eas
905 1871 1130 1942 munitiones
1155 1869 1288 1943 Caesar
1314 1871 1458 1944 Lentu-

337 1987 418 2062 lum
433 1985 692 2062 Marcellinum
705 1989 1067 2086 Quaestoremlcum
1094 1982 1237 2084 legione
1264 2009 1364 2059 nona
1391 2011 1458 2084 po·

337 2109 453 2182 situm
480 2106 654 2180 habebat.
704 2104 825 2191 Huic,
852 2102 951 2202 quod
979 2103 1193 2178 valetudine
1212 2105 1335 2178 minus
1351 2129 1457 2177 com-

337 2222 450 2296 moda
471 2221 666 2310 utebatur,
689 2216 868 2294 Fulvium
885 2219 1107 2293 Postumum
1126 2216 1336 2294 adiutorem
1363 2219 1457 2291 sub·

337 2337 506 2412 miserat.
756 2329 761 2340 ⁶

390 2449 451 2524 63.
478 2449 571 2550 Erat
591 2471 635 2521 eo
653 2445 739 2522 loco
757 2446 855 2522 fossa
871 2445 1009 2549 pedum
1028 2440 1240 2544 quindecim
1266 2452 1305 2520 et
1331 2443 1457 2520 sallus

340 2571 472 2640 contra
497 2563 642 2636 hostem
676 2563 715 2635 in
752 2561 987 2638 altitudinem
1012 2559 1151 2660 pedum
1178 2557 1329 2650 decem,
1363 2565 1454 2634 tan·

337 2679 584 2776 tumdemque
609 2679 688 2750 eius
715 2675 801 2750 valli
828 2701 943 2778 agger
968 2680 1004 2752 in
1032 2673 1268 2751 latitudinem
1288 2677 1458 2776 patenae

338 2791 398 2884 Ab
425 2814 494 2881 eo,
519 2791 729 2866 intermisso
747 2793 868 2892 spatio
895 2792 1032 2894 pedum
1050 2798 1333 2879 sexcentorum,
1359 2789 1459 2865 alter

339 2925 542 2977 conversus
573 2905 613 2976 in
645 2907 873 2980 contrariam
904 2915 1051 3010 partem
1084 2911 1167 2980 erat
1198 2904 1347 2989 vallus,
1375 2891 1459 2977 liu·

339 3019 483 3096 miliore
524 3019 648 3120 paullo
688 3024 920 3097 munitione:
966 3025 1040 3099 hoc
1071 3025 1170 3096 enim
1201 3021 1456 3123 superioribus

339 3139 470 3216 diebus
502 3138 640 3212 timens
674 3139 831 3226 Caesar,
865 3163 911 3214 ne
947 3139 1104 3214 navibus
1139 3143 1254 3215 nostri
1290 3141 1457 3214 circum-

340 3257 586 3347 venirentur,
621 3253 807 3355 duplicem
835 3280 878 3329 eo
904 3253 989 3330 loco
1016 3255 1157 3331 fecerat
1183 3257 1350 3347 vallum,
1387 3265 1456 3348 ut,

339 3375 370 3447 si
397 3373 549 3472 ancipiti
577 3371 716 3472 proelio
743 3371 1007 3459 dimicaretur,
1040 3380 1164 3471 posset
1195 3377 1328 3450 resisti.
1381 3374 1455 3448 Sed

338 3511 496 3585 operum
536 3485 756 3586 magnitudo
795 3491 835 3560 et
869 3487 1062 3560 continens
1100 3489 1267 3564 omnium
1309 3488 1458 3562 dierum

336 3599 463 3689 labor,
489 3599 590 3698 quod
616 3599 718 3674 milia
744 3623 920 3699 passuum
937 3602 975 3672 in
993 3600 1157 3674 circuitu
1183 3600 1450 3701 septemdecim

208 3769 212 3780 .
338 3715 564 3788 munitiones
589 3719 671 3788 erat
696 3713 932 3813 complexus,
959 3713 1171 3816 perficiendi
1189 3717 1357 3816 spatium
1378 3737 1452 3786 non

338 3829 464 3905 dabat.
515 3831 647 3928 ltaque
680 3835 814 3904 contra
848 3854 950 3904 mare
990 3835 1247 3906 transversum
1281 3831 1453 3921 vallum,

338 3948 404 4048 qui
429 3947 496 4020 has
521 3945 612 4020 duae
638 3945 863 4022 munitiones
888 3947 1153 4048 contingeret,
1179 3949 1348 4024 nondum
1373 3975 1451 4050 per·

349 4159 530 4229 pausem
545 4185 578 4198 -
594 4157 710 4212 aenam
735 4135 860 4213 'amum
927 4171 994 4212 aas.
1022 4167 1050 4212 n
1076 4159 1179 4214 uertens
1207 4159 1250 4214 m.
1280 4177 1305 4213 ι.
1327 4161 1450 4230 apuam

337 4227 413 4282 malit
427 4227 621 4307 penamtu'-
637 4227 736 4278 aban.
927 4229 1024 4279 vallum
1045 4229 1194 4280 obduxerit.
1218 4229 1290 4280 Erat
1301 4215 1451 4282 {smmis
1506 4299 1507 4314 ,

337 4291 860 4432 vigaqqqnhhlffinedeeqffiqqluqaqqu·
927 4313 1141 4432 ”idamaeam
1159 4359 1216 4415 Alii
1232 4359 1375 4416 οοεοᾰεώη.
1506 4319 1507 4346 l

340 4439 375 4488 ι,
403 4441 672 4492 n,9.uonarces,
699 4445 753 4480 non
777 4429 861 4480 vallus
960 4431 1112 4482 meones
1140 4441 1199 4484 erat
1228 4429 1350 4499 complex.
1385 4427 1447 4501 Lag.
