3000 5268
333 397 412 458 um.
447 399 484 458 v.
519 399 612 458 cnr.
649 366 827 489 24-26.
1061 371 1142 468 161

31 599 132 667 rant.
182 594 281 670 Huic
308 596 461 687 Caesar,
487 623 554 698 pro
581 601 659 673 eius
678 602 819 674 virtute
838 608 952 701 atque
970 605 1008 677 in
1026 631 1064 678 se
1083 608 1152 682 be·
1208 620 1210 628 '

33 710 265 802 niuolentia,
302 714 404 812 quod
444 717 481 788 in
514 719 687 790 omnibus
720 717 828 792 bellis
862 720 1039 820 singulari
1071 728 1151 799 eius

32 854 147 928 opera
175 829 298 902 luerat
325 855 433 919 usus,
459 832 645 905 maiorum
663 833 791 906 locum
806 838 1034 911 restituerat.
1060 843 1151 915 Ter-

32 949 131 1020 tium
157 948 230 1018 iam
258 947 357 1020 bunc
384 973 525 1020 annum
559 956 781 1050 regnantem
819 952 987 1044 inimici,
1026 955 1150 1054 palam

33 1063 286 1136 multisetiam
300 1086 346 1136 ex
359 1063 512 1138 civitate
526 1065 853 1152 auctoribus‚eum
867 1069 1150 1160 interfecerunt.

31 1178 210 1252 Defertur
235 1203 279 1250 ea
304 1201 363 1251 res
389 1177 436 1252 ad
456 1177 669 1252 Caesarem.
721 1179 785 1252 llle
805 1183 962 1273 veritos,
981 1186 1081 1281 quod
1103 1187 1150 1262 ad

34 1291 160 1389 plures
186 1291 420 1389 pertinebat,
447 1317 493 1366 ne
519 1294 654 1366 civitas
681 1317 810 1367 eorum
838 1296 987 1394 inpulsu
1019 1298 1151 1372 delice-
1195 1352 1202 1374 .

33 1417 112 1496 ret,
138 1408 181 1481 L.
208 1407 387 1480 Plancum
415 1433 504 1482 cum
530 1407 674 1510 legione
700 1435 747 1482 cx
772 1411 901 1510 Belgio
921 1411 1090 1488 celeriter
1110 1418 1150 1490 in

35 1523 216 1596 Carnutes
243 1521 424 1620 proficisci
451 1523 556 1596 iubet
582 1524 708 1621 ibique
734 1525 922 1611 hiemare3
964 1549 1150 1624 quornm·
1236 1589 1243 1594 .

37 1659 108 1732 que
135 1661 245 1734 opera
272 1639 492 1735 cognoverit
518 1639 735 1738 Tasgetium
771 1639 1040 1730 interfectum,
1082 1643 1150 1714 bos

36 1751 319 1846 comprehensos
345 1751 392 1824 ad
419 1775 456 1824 se
484 1754 645 1826 mittere.
696 1755 851 1826 Interim
889 1751 936 1825 ab
975 1755 1150 1828 omnibus

36 1865 183 1964 legatis
210 1865 573 1965 Quaestoribusque,
598 1867 734 1966 quibus
760 1867 922 1968 legiones
943 1867 1151 1941 transdide·

36 1987 116 2069 rat,
144 1983 283 2052 certior
308 1978 431 2054 factus
458 1987 541 2070 est,
567 1984 604 2054 in
632 1983 787 2060 hiberna
825 1989 1052 2082 perventum
1086 1981 1152 2055 lu·-

38 2120 198 2194 cumque
225 2095 386 2170 bibernis
412 2121 489 2170 esse
514 2099 718 2170 munitum.
830 2119 833 2126 ’

85 2213 147 2288 26.
174 2213 314 2285 Diebus
340 2213 491 2286 circiter
517 2213 610 2302 XV,
650 2211 785 2310 quibus
811 2212 850 2284 in
876 2210 1032 2284 hiberna
1058 2235 1153 2286 ven·

37 2336 117 2402 tum
143 2339 225 2418 est,
250 2330 400 2406 initium
427 2331 610 2428 repentini
636 2327 825 2402 tumultus
860 2353 904 2400 ac
932 2328 1152 2402 delectionis

39 2454 161 2520 ortum
189 2453 246 2519 est
285 2447 331 2520 ab
358 2447 573 2545 Ambiorige
599 2452 639 2520 et
664 2445 885 2519 Cativolco:
927 2447 990 2544 qui
1032 2471 1152 2544 quum

39 2561 82 2634 ad
106 2561 198 2634 fines
224 2561 326 2660 regni
368 2563 423 2634 sui
464 2562 602 2635 Sabino
628 2561 835 2659 Cottaeque
874 2567 1022 2659 praesto
1057 2561 1152 2634 fuis·

38 2685 141 2768 sent,
184 2677 490 2774 frumentumque
524 2678 561 2749 in
597 2677 751 2750 hiberna
783 2678 1154 2776 comportavissent,

38 2795 279 2869 Indutiomari
307 2795 452 2866 Treviri
480 2793 624 2866 nunciis
660 2792 821 2894 inpulsi,
861 2819 948 2870 suos
982 2798 1166 2872 concita-r·

38 2921 202 3002 verunt,
239 2911 438 3008 subitoque
476 2909 658 3008 obpressis
697 2909 973 3010 lignatoribus,
1016 2935 1153 3012 magna

38 3056 149 3106 manu
175 3037 300 3102 castra
326 3027 586 3127 obpugnatum
612 3033 810 3101 venerunt.
837 3031 964 3120 Quum
983 3029 1156 3104 celeriter

73 3229 190 3282 Tertium
203 3227 435 3300 -intersecemnn
486 3225 561 3282 Adeo
665 3225 857 3297 Quaestor-ibus.
881 3225 961 3282 Unus
978 3226 1088 3298 quidem
1107 3227 1158 3280 l'uit

40 3313 128 3374 magua
153 3303 196 3349 est
222 3297 251 3348 in
275 3293 318 3346 his
335 3293 422 3346 verbis
440 3293 562 3348 lectionis
630 3293 777 3414 gneestor,
795 3295 833 3346 Μ.
845 3295 970 3353 Crnssm,
985 3303 1110 3365 utecup.
1124 3305 1157 3360 24

39 3373 165 3427 varietas,
190 3373 223 3415 ut
244 3361 318 3416 nollo
339 3361 419 3414 ruodo
443 3371 561 3415 coustme
664 3371 754 3432 paret3
772 3361 818 3414 sed
836 3361 930 3414 Caesar
954 3362 983 3412 iu
1001 3363 1156 3416 universnm

40 3433 120 3500 possit
138 3431 172 3483 de
191 3429 302 3482 lectione
320 3447 386 3482 vera.
412 3427 502 3481 Missis
519 3447 561 3481 re-
631 3439 657 3480 et
675 3430 779 3481 inbuite
791 3428 824 3481 de
839 3425 953 3480 ducibus
965 3427 1096 3499 loquitur,
1108 3429 1155 3478 Le-

40 3501 113 3560 ntis,
130 3504 184 3550 iam
203 3507 265 3552 autc
281 3496 369 3548 malea
386 3495 501 3549 offendit
525 3495 563 3548 le·
628 3501 685 3566 gott
696 3509 721 3546 et
733 3498 906 3564 (bibentem,
919 3496 1009 3565 inquo
1018 3513 1073 3548 nou
1084 3515 1156 3547 suui-

40 3573 142 3618 ctorem.
169 3567 239 3636 Ergo
255 3583 314 3616 cum
331 3563 390 3616 aliis
415 3565 480 3634 poni
504 3582 562 3615 ma·
632 3581 674 3615 ma
691 3563 843 3632 diligentia,
861 3562 1045 3615 adnumerum
1058 3570 1155 3624 exacta,

40 3629 85 3682 lim
107 3639 195 3686 etiam.
227 3629 331 3686 Deinde
356 3649 415 3685 cum
445 3629 510 3701 plcri
530 3650 563 3681 ne
632 3631 780 3700 quaerenda
798 3637 845 3682 est.
871 3629 909 3680 M.
942 3629 988 3683 Gr.
1011 3627 1092 3684 babet
1113 3655 1155 3698 χι-

39 3696 98 3750 lihri
114 3701 277 3760 exhibeant,
300 3719 334 3749 cr
355 3702 456 3750 civitate
472 3649 563 3750 arlais
632 3702 752 3768 iadpxaof.

42 3765 78 3816 vel
94 3787 126 3817 ex
144 3769 186 3819 hie
206 3768 363 3827 auctoribus,
375 3763 501 3818 credibile
514 3773 564 3825 est,

40 3851 85 3902 pro
101 3853 134 3886 ex
152 3835 195 3888 tis
212 3834 263 3904 legi
280 3851 357 3903 posse
377 3849 439 3885 cum
455 3832 562 3886 Davisio

41 3901 138 3968 coedis,
155 3911 203 3956 aut
213 3920 274 3954 cum
286 3900 476 4016 Oudendoqpio
488 3904 563 3950 roccis.

666 3805 762 3858 Sabino
789 3801 939 3870 Cottaeque.
980 3799 1033 3854 vid.
1062 3817 1084 3853 e.
1114 3807 1155 3863 ²4·

631 3873 710 3925 Hunc
727 3869 873 3923 tumultum
886 3867 989 3921 Galliac
1002 3865 1157 3919 Plutarchus

41 3967 76 4017 M.
87 3968 126 4020 tta
138 3969 199 4023 edel.
214 3978 264 4020 vet.
296 3968 365 4019 olum
377 3985 419 4018 mu
432 3973 464 4018 tis
476 3971 561 4018 etium.
633 3941 728 4006 (cm
745 3958 767 3992 c·
787 3941 839 4003 ²4)
859 3937 960 4006 P³¹¹⁰i⁵r
979 3935 1033 4014 95⁰,
1049 3935 1156 3986 Cltsiut

243 3987 295 4087 Hp
633 4013 701 4072 (40.
727 4009 833 4072 4·¹¹)¹
854 4002 944 4076 paullo
965 3999 1083 4072 pluribus
1112 4000 1157 4052 de·

42 4033 112 4087 hm
127 4038 223 4110 ‘capi'
275 4055 322 4085 ΗΜ
333 4035 400 4086 ‘eser
411 4033 445 4086 δᾶ
456 4053 563 4095 ‘'mmm''
633 4077 754 4154 scripsit:
773 4071 818 4126 sed
836 4074 864 4124 in
882 4072 954 4122 exitu
968 4069 1062 4122 Cottae
1073 4078 1100 4120 et
1111 4069 1159 4120 'l't-

42 4101 220 4224 ffifflffln
233 4101 565 4222 ffrlgufflt'mutafiqluffir
633 4152 695 4194 turu
712 4139 882 4193 describendo
907 4137 1019 4190 discedit
1043 4135 1077 4188 ab
1094 4135 1156 4194 liis,

208 4207 215 4221 ⁸
556 4204 563 4219 ⁸
653 4227 701 4260 uae
724 4209 818 4260 Caesar
840 4224 896 4276 cup.
920 4203 951 4256 36
970 4213 996 4256 et
1014 4203 1046 4270 37
1071 4202 1156 4255 tradi-

42 4233 107 4322 Dclu
125 4238 240 4292 Graecus
258 4245 344 4325 colloq
360 4249 402 4300 τῆς
420 4241 501 4295 silius
519 4237 565 4315 sip·
633 4227 675 4330 git
711 4277 746 4326 Μ

45 4328 149 4370 zoarum,
179 4304 253 4376 quod
279 4329 399 4374 apparant
421 4321 435 4356 u
458 4304 567 4355 Davlslo
676 4313 683 4328 ⁸
971 4339 979 4350 -

44 4369 175 4426 intrusum
194 4371 317 4443 perbibet
331 4371 402 4425 oud.
450 4384 550 4490 iperam
557 4384 567 4436 3
668 4369 846 4440 obpugnatum.
871 4365 926 4430 allii
942 4379 1094 4440 pugnatum,
1111 4365 1156 4424 ob-

44 4453 105 4490 nam
122 4440 334 4508 longemanum
352 4439 405 4490 iam
442 4457 456 4490 a
477 4447 512 4490 et.
631 4440 778 4508 prognanda.

143 4539 300 4612 Caussa.
328 4539 524 4610 Commeat.
550 4537 658 4607 Tom.
686 4537 715 4608 Ι.
919 4535 955 4607 X
