3040 5264
327 303 414 362 100
685 301 739 360 DE
777 301 910 360 BELLO
946 302 1066 362 GALL.

342 537 345 544 ·
374 497 431 572 16.
459 503 543 592 Quo
561 500 701 599 proelio
728 499 866 572 bellurn
885 503 1117 574 Venetorum
1136 502 1342 598 totiusque
1361 525 1443 574 orae

318 617 542 688 maritumae
561 615 775 688 confectum
795 621 861 688 est.
881 617 1000 704 Nam,
1027 640 1143 713 quum
1163 618 1290 690 omnis
1312 621 1444 688 iuren-

247 751 250 766 '
318 743 405 823 tus,
433 758 561 806 omnes
576 735 689 807 etiam
708 733 888 832 gravioris
903 733 1062 816 aetatis,
1084 733 1121 804 in
1141 737 1283 830 quibus
1305 733 1444 830 aliquid

320 847 462 919 consilii
478 853 545 921 aut
563 847 753 946 dignitatis
771 846 862 936 fuit,
877 870 922 918 eo
940 855 1216 934 convenerant;
1233 855 1359 938 turn,
1389 873 1446 919 na-

321 965 423 1034 vium
444 962 544 1060 quod
563 965 698 1060 utrique
717 963 858 1048 fuerat,
879 986 996 1035 unum
1015 965 1053 1032 in
1071 961 1197 1036 locum
1211 969 1446 1064 coegerant:

319 1081 454 1174 quibus
489 1079 651 1162 amissis,
687 1075 841 1175 reliqui,
873 1101 992 1174 neque
1020 1101 1094 1174 quo
1133 1101 1171 1150 se
1205 1079 1448 1176 reciperent,

318 1217 437 1290 neque
464 1192 780 1290 quemadmodum
801 1191 935 1292 oppida
955 1191 1215 1280 defenderent,
1232 1191 1447 1264 habebant:

320 1311 453 1404 ltaque
480 1334 518 1380 se
538 1333 679 1407 suaque
698 1309 825 1381 omnia
851 1309 998 1381 Caesari
1017 1307 1252 1382 dediderunt.
1285 1311 1333 1379 ln
1356 1331 1447 1402 quos

322 1447 366 1494 eo
386 1423 538 1521 gravius
563 1425 699 1498 Caesar
717 1422 982 1496 vindicandum
1003 1423 1157 1510 statuit,
1184 1446 1259 1518 quo
1283 1421 1449 1520 diligen-

319 1537 395 1607 tius
414 1539 450 1606 in
470 1533 654 1631 reliquum
673 1543 820 1636 tempus
836 1563 857 1614 a
871 1537 1038 1610 barbaris
1056 1539 1113 1608 ins
1127 1535 1350 1635 legatorum
1367 1558 1449 1606 con·

321 1655 547 1726 servaretur.
566 1651 717 1748 ltaque,
739 1653 839 1728 omui
860 1659 992 1728 senatu
1011 1656 1168 1735 necato,
1187 1651 1363 1752 reliquos
1382 1647 1447 1720 sub

324 1789 465 1840 corona
492 1765 672 1840 vendidit.

372 1879 435 1973 iq.
462 1885 562 1954 Dum
590 1884 681 1958 haec
707 1885 746 1958 in
771 1885 926 1958 Venalis
952 1889 1160 1984 geruntur,
1195 1887 1241 1976 Q.
1269 1883 1446 1956 Titurius

322 1987 480 2074 Sabinus
499 2026 585 2074 cum
606 2002 649 2074 iis
667 2002 808 2100 copiis,
835 2026 927 2098 quas
946 2003 1139 2076 aCaesare
1159 2007 1391 2098 acceperat,
1411 1999 1446 2070 iu

321 2115 412 2187 finos
430 2115 650 2191 Unellorum
673 2118 857 2215 pervenit.
883 2115 951 2188 His
976 2120 1147 2214 praeerat
1171 2115 1376 2188 Viridovix
1403 2136 1444 2184 ao

320 2257 507 2306 summam
535 2235 680 2332 imperii
707 2233 861 2308 tenebat
879 2255 1006 2306 earum
1028 2235 1195 2308 omnium
1214 2234 1443 2318 civitatum,

321 2377 415 2449 qnae
435 2353 648 2428 defecerant
664 2375 733 2438 ‚ex
752 2350 887 2446 quibus
902 2349 1110 2425 exercitum
1130 2373 1365 2450 magnasque
1384 2373 1443 2422 co-

319 2472 398 2566 pias
413 2473 612 2566 'coe'garah
641 2469 765 2564 Atque
793 2467 849 2538 nis
871 2465 999 2563 paucis
1017 2462 1147 2545 diebus
1164 2463 1317 2540 Aulerci
1338 2465 1442 2539 Ebu-

320 2586 468 2656 rovices
484 2583 733 2678 Lexouiique,
761 2586 893 2654 senatu
912 2605 980 2654 suo
998 2581 1219 2672 interfecta,
1245 2584 1353 2681 quod
1382 2607 1443 2654 ana

320 2705 443 2768 otores
478 2695 564 2767 belli
589 2721 666 2768 esse
697 2695 896 2784 nolebant,
922 2704 1050 2796 portas
1080 2697 1297 2774 clauserunt
1329 2721 1441 2796 seque

321 2833 407 2902 cum
436 2809 651 2882 Viridovice
678 2813 973 2899 coniunxeruut;
1009 2837 1217 2913 magnaque
1244 2819 1441 2912 praeterea

320 2925 524 2999 multitudo
551 2927 714 3025 undique
742 2953 787 3000 ex
815 2928 936 3002 Gallia
972 2930 1205 3028 perditorum
1241 2931 1440 3008 hominum

318 3040 582 3141 latronumque
609 3051 885 3128 convenerant,
913 3070 1007 3142 quos
1033 3071 1115 3146 spes
1134 3047 1340 3146 praedandi
1360 3053 1439 3120 stu-

266 3253 269 3258 ·
318 3155 494 3254 diumque
521 3157 680 3238 bellandi
699 3159 747 3230 ab
767 3159 997 3260 agricultura
1016 3169 1055 3236 et
1074 3161 1292 3259 quotidiano
1310 3162 1439 3236 labora

317 3276 533 3350 revocabat.
569 3277 727 3354 Sabinus
754 3277 888 3350 idoneo
916 3280 1089 3353 omnibus
1116 3281 1227 3354 rebus
1255 3281 1343 3356 loco
1371 3306 1436 3354 aaa

348 3448 442 3504 tetum
460 3475 492 3498 -.·
509 3447 646 3526 corfinum
663 3462 709 3502 est.
735 3451 842 3504 Descri-
910 3471 938 3572 qr.
961 3469 1002 3521 79.
1028 3455 1070 3506 M.
1098 3455 1214 3522 Regulus
1242 3457 1300 3534 eiua
1323 3453 1434 3527 populi,

930 3523 1057 3582 ''dur·or=i.r,
1073 3521 1151 3574 latero
1164 3524 1215 3576 suh
1225 3543 1332 3576 nomine
1347 3537 1435 3578 renvrr

317 3517 373 3587 psit
390 3514 442 3567 has'
460 3535 500 3568 res
517 3515 570 3566 Dio
594 3517 666 3569 Cass.
685 3517 733 3585 39,
757 3529 789 3583 4⁰
810 3549 843 3558 -·

317 3593 359 3646 44.
370 3585 468 3654 aufigit
484 3585 581 3638 Strabo
599 3595 621 3648 4.
633 3603 674 3664 qm
697 3597 721 3648 q.
740 3587 842 3652 195.M.

349 3653 393 3702 sut
414 3669 510 3704 corona
535 3652 657 3704 vendidit.
679 3606 710 3708 l·
737 3653 842 3706 Gellius

316 3729 459 3904 ZSlddinns
482 3815 515 3829 ·-
537 3790 663 3858 pervenit.
685 3785 728 3848 Cf,
755 3806 778 3840 c.
803 3805 844 3841 ιι.

348 3917 454 3970 Aderat
481 3921 641 3972 Eburovices.
676 3921 760 3972 Erant
788 3921 842 3981 Au-

314 3983 377 4038 lerci
399 3984 513 4043 duonuu
538 4006 663 4056 generum
676 4027 684 4050 ,
707 3987 841 4040 Eburovi-

313 4069 354 4102 ces
373 4059 400 4102 et
422 4052 589 4116 Cenomani,
611 4055 710 4125 quibus
733 4056 842 4128 quidum

315 4120 421 4172 tortium
438 4137 518 4189 genus
536 4119 657 4180 addunt,
680 4123 840 4174 Dialrnntes.

314 4183 383 4236 Ptin.
408 4187 440 4234 ll.
463 4185 497 4238 N.
522 4199 557 4253 4,
584 4192 633 4248 18,
655 4186 696 4239 32.
714 4189 839 4250 Audeat,

315 4255 359 4322 qui
380 4259 592 4313 comminuantur·
613 4257 788 4319 Eburouices,
815 4268 840 4308 et

315 4321 360 4394 qui
373 4317 520 4374 Cenomani.
533 4321 576 4384 Cle
589 4323 684 4384 Rittcri
696 4322 759 4374 hin.
769 4322 839 4390 Gall,

911 3588 1016 3642 videtur
1044 3589 1183 3644 Pelle—rimo
1212 3593 1269 3642 Bet.
1299 3591 1319 3642 l.
1344 3611 1371 3660 p.
1397 3587 1434 3638 23-

912 3656 954 3706 cf.
973 3653 1071 3708 Eclhol
1088 3657 1121 3707 D.
1141 3657 1173 3724 N.
1193 3659 1225 3710 V.
1243 3657 1294 3710 vol·
1317 3677 1338 3716 t.
1358 3678 1383 3728 p·
1397 3657 1433 3718 78.

911 3723 1027 3776 Nomina
1056 3725 1104 3776 ista
1135 3725 1285 3794 frequenter
1310 3727 1381 3776 exiro
1404 3727 1432 3772 iu

910 3807 960 3839 rex
977 3789 1018 3840 vol
1042 3795 1102 3852 ris,
1139 3801 1194 3843 atet
1215 3812 1247 3844 cx
1264 3794 1433 3846 mansor-01,

910 3857 1077 3917 Dunruorr'r,
1105 3809 1264 3920 diiudicarit,
1292 3860 1431 3928 Orgetorix

910 3933 958 3977 uic·
976 3927 1093 3976 Occurrit
1110 3935 1136 3978 et
1154 3927 1183 3977 iu
1201 3945 1288 3980 nuans
1309 3928 1430 3996 logum

910 3989 1022 4042 sedulia
1041 3994 1179 4044 terminari
1195 3994 1298 4063 syllaba
1317 4000 1376 4054 vix,
1394 4011 1430 4042 oa·

911 4056 998 4109 tendit
1015 4059 1109 4110 Virdio
1126 4065 1162 4111 ix.

942 4139 1118 4176 conveneram.
1149 4126 1216 4183 Bene
1246 4131 1284 4182 sic
1307 4127 1382 4180 codd.
1406 4130 1429 4174 tl

909 4190 967 4242 edd.
986 4201 1047 4244 velt.
1066 4193 1152 4260 Vulgo
1168 4207 1329 4246 convenerat.

942 4259 1010 4308 idun.
1030 4277 1142 4310 onrurnns
1155 4265 1242 4324 νεόιιε,
1258 4265 1361 4324 rationu
1378 4277 1428 4314 orn·

884 4405 896 4419 “
909 4325 986 4388 nium
1003 4347 1096 4392 rorum.
1114 4329 1158 4390 M,
