2986 5268
327 391 425 482 27⁰
696 381 750 448 os
786 387 920 448 estio
955 388 1074 448 cast.

1322 501 1338 532 't

321 593 563 668 vehementer
588 587 670 664 illos
688 589 846 682 timere,
873 613 940 666 nec
967 590 1045 666 iarn
1063 587 1170 664 aliter
1187 590 1333 678 sentire,
1350 612 1410 664 ono

321 705 416 782 colle
444 705 490 778 ab
517 705 696 780 Romanis
723 713 940 807 occupato,
967 707 996 780 si
1024 705 1185 780 alterum
1211 705 1412 792 amisissent,

320 823 409 922 quin
437 845 552 922 paene
577 821 849 898 circumvallati
876 829 988 924 atque
1016 825 1116 898 omni
1146 826 1248 897 exitu
1270 827 1307 896 et
1323 822 1413 921 pabu-

319 939 459 1014 latione
485 938 676 1014 interclusi
707 940 953 1015 viderentur:
995 941 1044 1014 ai
1070 941 1168 1014 hunc
1196 939 1413 1014 muniendum

317 1051 446 1136 locum
472 1075 602 1127 omnes
629 1081 652 1128 a
678 1056 982 1156 Vercingetorige
1010 1063 1200 1130 evocatos.

345 1161 347 1166 ’
366 1171 431 1264 45.
457 1171 537 1246 Hac
565 1195 604 1244 re
631 1173 804 1270 cognita,
821 1171 956 1245 Caesar
973 1173 1093 1245 mittit
1113 1169 1321 1272 complures
1338 1171 1416 1268 equi·

317 1293 403 1362 tum
429 1295 585 1380 turmas
600 1311 644 1361 eo
663 1287 709 1360 de
728 1287 850 1362 media
870 1295 980 1362 nocte
997 1288 1063 1360 :iis
1078 1289 1258 1388 imperat,
1271 1294 1314 1361 ut
1330 1283 1415 1385 paul·

316 1401 355 1478 lo
381 1403 650 1478 tumultuosius
676 1403 847 1476 omnibus
866 1405 903 1478 in
923 1402 1014 1477 locis
1031 1408 1336 1504 pervagarentur.
1352 1399 1414 1472 Pri·

316 1539 380 1590 ma
404 1516 488 1590 luce
515 1542 693 1618 magnum
720 1541 917 1592 numerum
937 1516 1279 1617 inpedimentorum
1301 1538 1344 1587 ex
1367 1537 1417 1584 ca·

317 1633 401 1704 stris
416 1629 677 1730 mulorumque
696 1631 875 1731 produci,
901 1626 1067 1732 equeiis
1086 1635 1297 1704 stramenta
1311 1627 1415 1700 detra·

316 1747 354 1820 bi
382 1745 638 1847 mulionesque
664 1772 752 1822 cum
787 1749 1014 1838 cassidibus,
1041 1751 1214 1847 equitum
1242 1747 1356 1846 specie
1380 1769 1414 1816 ac

315 1863 580 1955 simulatione,
606 1863 763 1946 collibus
788 1864 1021 1940 circumvehi
1049 1866 1164 1939 iubet.
1204 1867 1272 1939 His
1298 1885 1418 1966 paucos

316 1975 421 2052 addit
447 1979 618 2076 equites,
653 1979 716 2078 qui
743 1979 854 2052 latius
881 1981 1140 2054 ostentationis
1167 2003 1298 2053 caussa
1324 2001 1419 2078 vaga·

313 2101 459 2168 rentur.
479 2087 789 2196 Longo'circuitu
807 2093 956 2170 easdem
970 2119 1099 2168 omnes
1117 2095 1221 2168 iubet
1237 2101 1358 2196 petere
1375 2119 1418 2164 re·

313 2215 452 2312 giones.
477 2215 582 2288 Haec
609 2210 738 2312 procul
765 2235 811 2286 ex
828 2211 964 2310 oppido
983 2211 1232 2301 videbantur,
1254 2217 1295 2286 ut
1315 2216 1419 2284 erata

316 2332 503 2432 Gergovia
531 2331 728 2430 despectus
753 2328 790 2402 in
818 2333 962 2415 castra;
999 2353 1117 2426 neque
1153 2337 1264 2406 tanto
1292 2329 1419 2432 spatio,

244 2533 247 2542 y
314 2447 407 2520 certi
435 2445 525 2544 quid
543 2450 661 2534 esset,
687 2441 869 2543 explorari
899 2447 1058 2542 poterat.
1079 2445 1287 2546 Legionem
1318 2466 1415 2516 unam

314 2560 446 2632 eodem
479 2563 566 2659 iugo
598 2560 719 2633 mittit
753 2563 793 2632 et
822 2555 948 2658 paullo
990 2583 1226 2660 progressam
1262 2560 1421 2634 inferiore

314 2671 514 2746 constituit
538 2673 621 2747 loco
650 2672 824 2770 silvisque
840 2671 1019 2748 occultet.
1047 2674 1219 2773 Augetur
1243 2670 1357 2746 Gallis
1373 2693 1422 2742 su·

313 2787 431 2885 spicio
450 2794 562 2886 atque
584 2811 715 2861 omnes
733 2786 796 2862 illo
819 2787 864 2860 ad
880 2789 1128 2862 munitionem
1157 2787 1288 2886 copiae
1316 2792 1422 2860 trans·

314 2899 518 2976 ducuntur.
550 2905 679 2976 Vacua
696 2909 818 2976 castra
838 2903 1000 2977 hostium
1016 2903 1152 2976 Caesar
1170 2903 1422 3000 conspicatus,

315 3016 426 3086 tectis
451 3015 656 3115 insignibus
682 3041 838 3090 suorum
858 3017 1254 3116 occultatisquesignis
1270 3013 1423 3088 militari-

313 3127 401 3223 bus,
419 3155 523 3206 raros
545 3132 701 3222 milites,
720 3158 767 3224 ne
797 3157 844 3208 ex
863 3135 1000 3235 oppido
1019 3132 1423 3216 animadverterentur,

347 3437 398 3474 um
421 3420 487 3474 aaut
510 3421 542 3472 alr
561 3419 593 3474 ll·
618 3437 668 3472 occ.
694 3418 737 3473 Ci.
760 3437 782 3473 c·
808 3419 839 3474 36
908 3435 970 3488 eqrte
996 3421 1027 3470 its
1052 3405 1194 3470 sti-cimento
1219 3417 1344 3483 detrahi,
1367 3407 1424 3487 ¹<puae

314 3497 382 3542 extr.
400 3487 443 3541 Μ.
907 3485 984 3538 verbe
1004 3488 1036 3537 in
1056 3484 1184 3556 metaplrr.
1208 3485 1255 3538 Gr.
1279 3484 1356 3556 plana
1376 3499 1423 3532 non

388 3561 389 3564 ’
907 3551 1044 3622 leguntur,
1070 3561 1096 3606 rt
1119 3551 1221 3616 singula
1247 3571 1293 3620 per
1317 3551 1423 3605 codices,

346 3638 466 3692 magnum
483 3619 771 3672 numanam-detrahi.
790 3619 839 3672 Le·
906 3618 951 3672 ubi
970 3628 1089 3682 exstant,
1103 3617 1302 3672 dubitationem
1320 3617 1421 3670 habeut:

232 3703 238 3718 ·
313 3692 367 3742 ctio
385 3698 426 3742 est
442 3687 516 3740 valdo
535 3687 693 3759 perturbate.
724 3689 839 3740 Resectis
908 3697 938 3739 ut
957 3705 1044 3740 rursus
1066 3689 1155 3738 omnia
1179 3685 1237 3750 itta,
1255 3687 1423 3750 mitioremque

312 3756 525 3815 additamentis,
558 3773 645 3809 veram
679 3757 839 3826 scripturam
905 3755 1009 3824 produci
1025 3773 1087 3822 eqroe
1104 3757 1134 3804 iis
1152 3765 1309 3812 stranoenta,
1324 3773 1338 3806 a
1356 3750 1423 3802 libris

312 3822 382 3878 banc
399 3831 494 3875 restare
512 3830 593 3892 puto:
611 3841 730 3894 magmsm
749 3840 839 3873 unmc-
906 3819 1066 3892 qnibusdam
1113 3821 1192 3872 mitus
1209 3819 1317 3871 absunt.
1355 3819 1422 3893 Cert-

312 3907 370 3947 rum
380 3893 607 3970 inpedimentorum
623 3907 657 3940 er
673 3893 765 3968 carnis
771 3908 838 3968 prn-
907 3887 1031 3968 locusest
1044 3885 1076 3940 ad
1096 3889 1231 3939 itamentis
1242 3895 1361 3967 ouuptus.
1369 3883 1421 3961 Viti·

310 3959 381 4019 disci,
397 3957 618 4036 motionesque-
634 3955 725 4010 Voluit
741 3953 838 4028 aliquis
906 3954 965 4008 Iud.
977 3974 1005 4036 ip
1018 3969 1160 4008 arrum-ata
1177 3955 1215 4006 Μ,
1230 3951 1346 4032 &altger
1357 3949 1423 4030 dedit
1467 4005 1468 4010 ,

310 4023 836 4208 titt'frpttftttbttiit
905 4021 1189 4144 dtttrifftittt
1199 4039 1279 4158 leil}
1293 4035 1423 4139 itti:

205 4193 208 4198 -
312 4177 365 4230 qua
378 4159 401 4210 si
437 4160 567 4210 irationc
584 4159 636 4212 vid.
653 4159 837 4213 Hotomanus
906 4158 959 4210 sius
975 4158 1055 4224 daque
1071 4161 1111 4213 iis.
1129 4157 1222 4210 Morus
1245 4173 1337 4208 rerum
1353 4151 1422 4204 vidit.

312 4227 347 4280 ad
364 4224 390 4276 h.
420 4221 616 4296 .0udundorp.
633 4227 666 4280 ad
684 4226 801 4277 Frontin.
813 4245 836 4283 2,
909 4225 1082 4294 inpedimento
1099 4222 1126 4275 lr.
1140 4223 1158 4276 l.
1172 4224 1291 4275 iumenta
1309 4225 1422 4279 sunt,ut

317 4311 344 4354 r,
365 4295 422 4355 ιι.)
447 4309 505 4360 argo
530 4291 634 4345 addidit
657 4294 784 4345 mulorum
810 4295 837 4346 in
905 4291 975 4360 apud
1009 4291 1082 4345 Suet.
1114 4289 1196 4409 Calig.
1227 4293 1266 4339 δι.
1297 4289 1342 4341 ubi
1374 4283 1420 4336 rid.

312 4361 443 4438 margine,
452 4357 526 4440 fl¹¹⁰d
538 4369 566 4412 ct
577 4363 763 4413 Hotomsuuns
780 4359 837 4410 tolli
905 4360 1033 4412 Graavius
1045 4367 1075 4436 ct
1083 4357 1175 4410 Oudon
1196 4395 1202 4408 .
1220 4357 1334 4409 Graecus
1350 4351 1422 4404 lralret

312 4425 404 4485 salust.
437 4423 478 4478 Lx
504 4423 551 4480 hoc
573 4436 660 4481 ortum
683 4446 760 4500 porro
782 4435 836 4493 est,
906 4432 1033 4496 raspista.
1050 4424 1105 4480 vid.
1122 4433 1149 4478 et
1166 4423 1312 4496 Polyaenus
1329 4423 1346 4474 i.
1362 4439 1383 4472 c.
