<?xml version="1.0" encoding="UTF-8"?>
<!DOCTYPE html PUBLIC "-//W3C//DTD XHTML 1.0 Transitional//EN"
    "http://www.w3.org/TR/xhtml1/DTD/xhtml1-transitional.dtd">
<html xmlns="http://www.w3.org/1999/xhtml" xml:lang="en" lang="en">
 <head>
  <title>
</title>
<meta http-equiv="Content-Type" content="text/html;charset=utf-8" />
  <meta name='ocr-system' content='tesseract 3.04.00' />
  <meta name='ocr-capabilities' content='ocr_page ocr_carea ocr_par ocr_line ocrx_word'/>
</head>
<body>
  <div class='ocr_page' id='page_1' title='image "./ciuliicaesarisc00cellgoog_0378.png"; bbox 0 0 3026 5264; ppageno 0'>
   <div class='ocr_carea' id='block_1_1' title="bbox 383 309 1127 402">
    <p class='ocr_par' dir='ltr' id='par_1_1' title="bbox 383 309 1127 402">
     <span class='ocr_line' id='line_1_1' title="bbox 383 309 1127 402; baseline -0.003 -1"><span class='ocrx_word' id='word_1_1' title='bbox 383 309 476 402; x_wconf 75' lang='lat'><strong>332</strong></span> <span class='ocrx_word' id='word_1_2' title='bbox 747 337 802 396; x_wconf 82' lang='lat' dir='ltr'><strong>on</strong></span> <span class='ocrx_word' id='word_1_3' title='bbox 837 337 971 398; x_wconf 79' lang='lat' dir='ltr'><strong>nunno</strong></span> <span class='ocrx_word' id='word_1_4' title='bbox 1006 337 1127 400; x_wconf 72' lang='lat' dir='ltr'><strong>cern.</strong></span> 
     </span>
    </p>
   </div>
   <div class='ocr_carea' id='block_1_2' title="bbox 269 535 1465 3745">
    <p class='ocr_par' dir='ltr' id='par_1_2' title="bbox 381 535 1461 730">
     <span class='ocr_line' id='line_1_2' title="bbox 382 535 1461 640; baseline -0.001 -23"><span class='ocrx_word' id='word_1_5' title='bbox 382 544 560 618; x_wconf 83' lang='lat' dir='ltr'><strong>tuborum</strong></span> <span class='ocrx_word' id='word_1_6' title='bbox 587 543 826 628; x_wconf 84' lang='lat' dir='ltr'><strong>convocato,</strong></span> <span class='ocrx_word' id='word_1_7' title='bbox 851 535 1111 632; x_wconf 78' lang='lat' dir='ltr'><strong>conclamant,</strong></span> <span class='ocrx_word' id='word_1_8' title='bbox 1136 539 1249 640; x_wconf 78' lang='lat' dir='ltr'><strong>iegati</strong></span> <span class='ocrx_word' id='word_1_9' title='bbox 1274 539 1461 640; x_wconf 77' lang='lat' dir='ltr'>obsidesque</span> 
     </span>
     <span class='ocr_line' id='line_1_3' title="bbox 381 652 1006 730; baseline -0.008 0"><span class='ocrx_word' id='word_1_10' title='bbox 381 657 428 730; x_wconf 84' lang='lat' dir='ltr'><strong>ad</strong></span> <span class='ocrx_word' id='word_1_11' title='bbox 454 657 649 729; x_wconf 79' lang='lat' dir='ltr'><strong>Caesarem</strong></span> <span class='ocrx_word' id='word_1_12' title='bbox 677 652 891 727; x_wconf 71' lang='lat' dir='ltr'><strong>mittantur.</strong></span> <span class='ocrx_word' id='word_1_13' title='bbox 998 693 1006 708; x_wconf 93' lang='lat'><strong>·</strong></span> 
     </span>
    </p>

    <p class='ocr_par' dir='ltr' id='par_1_3' title="bbox 269 765 1465 2362">
     <span class='ocr_line' id='line_1_4' title="bbox 434 765 1462 866; baseline -0.002 -24"><span class='ocrx_word' id='word_1_14' title='bbox 434 795 496 842; x_wconf 64' lang='grc' dir='ltr'><strong>ει.</strong></span> <span class='ocrx_word' id='word_1_15' title='bbox 522 771 604 842; x_wconf 88' lang='lat' dir='ltr'><strong>Hoc</strong></span> <span class='ocrx_word' id='word_1_16' title='bbox 623 767 795 841; x_wconf 87' lang='lat' dir='ltr'><strong>omnibus</strong></span> <span class='ocrx_word' id='word_1_17' title='bbox 813 767 973 866; x_wconf 82' lang='lat' dir='ltr'><strong>probato</strong></span> <span class='ocrx_word' id='word_1_18' title='bbox 992 765 1167 858; x_wconf 82' lang='lat' dir='ltr'><strong>consilio,</strong></span> <span class='ocrx_word' id='word_1_19' title='bbox 1184 767 1370 842; x_wconf 88' lang='lat' dir='ltr'><strong>Commius</strong></span> <span class='ocrx_word' id='word_1_20' title='bbox 1385 767 1462 842; x_wconf 78' lang='lat' dir='ltr'><strong>Atro</strong></span> 
     </span>
     <span class='ocr_line' id='line_1_5' title="bbox 382 881 1463 984; baseline -0.006 -24"><span class='ocrx_word' id='word_1_21' title='bbox 382 885 448 960; x_wconf 83' lang='lat' dir='ltr'><strong>beo</strong></span> <span class='ocrx_word' id='word_1_22' title='bbox 476 883 522 956; x_wconf 84' lang='lat' dir='ltr'><strong>ed</strong></span> <span class='ocrx_word' id='word_1_23' title='bbox 548 907 611 956; x_wconf 86' lang='lat' dir='ltr'><strong>eos</strong></span> <span class='ocrx_word' id='word_1_24' title='bbox 637 881 804 984; x_wconf 82' lang='lat' dir='ltr'><strong>profugit</strong></span> <span class='ocrx_word' id='word_1_25' title='bbox 829 881 1061 971; x_wconf 71' lang='grc' dir='ltr'>ὓπῐηιηοι,</span> <span class='ocrx_word' id='word_1_26' title='bbox 1088 907 1109 955; x_wconf 83' lang='lat' dir='ltr'><strong>e</strong></span> <span class='ocrx_word' id='word_1_27' title='bbox 1136 883 1270 982; x_wconf 84' lang='lat' dir='ltr'><strong>quibus</strong></span> <span class='ocrx_word' id='word_1_28' title='bbox 1295 885 1341 956; x_wconf 84' lang='lat' dir='ltr'><strong>ad</strong></span> <span class='ocrx_word' id='word_1_29' title='bbox 1356 884 1390 956; x_wconf 89' lang='lat' dir='ltr'><strong>id</strong></span> <span class='ocrx_word' id='word_1_30' title='bbox 1404 883 1463 956; x_wconf 86' lang='lat' dir='ltr'><strong>hcl·</strong></span> 
     </span>
     <span class='ocr_line' id='line_1_6' title="bbox 381 994 1463 1097; baseline 0 -27"><span class='ocrx_word' id='word_1_31' title='bbox 381 997 461 1071; x_wconf 90' lang='lat' dir='ltr'><strong>ium</strong></span> <span class='ocrx_word' id='word_1_32' title='bbox 489 995 627 1070; x_wconf 80' lang='lat' dir='ltr'><strong>auxilia</strong></span> <span class='ocrx_word' id='word_1_33' title='bbox 654 1001 849 1069; x_wconf 82' lang='lat' dir='ltr'><strong>mutuatos</strong></span> <span class='ocrx_word' id='word_1_34' title='bbox 875 1001 968 1068; x_wconf 81' lang='lat' dir='ltr'><strong>eret.</strong></span> <span class='ocrx_word' id='word_1_35' title='bbox 1007 994 1130 1070; x_wconf 84' lang='lat' dir='ltr'><strong>Ceteri</strong></span> <span class='ocrx_word' id='word_1_36' title='bbox 1164 1021 1185 1069; x_wconf 84' lang='lat' dir='ltr'><strong>e</strong></span> <span class='ocrx_word' id='word_1_37' title='bbox 1217 998 1370 1097; x_wconf 83' lang='lat' dir='ltr'><strong>vestigio</strong></span> <span class='ocrx_word' id='word_1_38' title='bbox 1395 997 1463 1070; x_wconf 87' lang='lat' dir='ltr'><strong>mit·</strong></span> 
     </span>
     <span class='ocr_line' id='line_1_7' title="bbox 381 1110 1464 1212; baseline -0.004 -24"><span class='ocrx_word' id='word_1_39' title='bbox 381 1119 472 1188; x_wconf 82' lang='lat' dir='ltr'><strong>tunt</strong></span> <span class='ocrx_word' id='word_1_40' title='bbox 497 1111 543 1186; x_wconf 84' lang='lat' dir='ltr'><strong>ed</strong></span> <span class='ocrx_word' id='word_1_41' title='bbox 569 1113 765 1186; x_wconf 76' lang='lat' dir='ltr'><strong>Caesarem</strong></span> <span class='ocrx_word' id='word_1_42' title='bbox 790 1110 957 1209; x_wconf 82' lang='lat' dir='ltr'><strong>legatos,</strong></span> <span class='ocrx_word' id='word_1_43' title='bbox 983 1118 1219 1210; x_wconf 81' lang='lat' dir='ltr'><strong>petuntque,</strong></span> <span class='ocrx_word' id='word_1_44' title='bbox 1253 1127 1294 1186; x_wconf 88' lang='lat' dir='ltr'><strong>ut</strong></span> <span class='ocrx_word' id='word_1_45' title='bbox 1318 1140 1358 1187; x_wconf 87' lang='lat' dir='ltr'><strong>ea</strong></span> <span class='ocrx_word' id='word_1_46' title='bbox 1378 1139 1464 1212; x_wconf 82' lang='lat' dir='ltr'><strong>poeno</strong></span> 
     </span>
     <span class='ocr_line' id='line_1_8' title="bbox 381 1225 1463 1323; baseline -0.006 -21"><span class='ocrx_word' id='word_1_47' title='bbox 381 1235 429 1302; x_wconf 86' lang='lat' dir='ltr'><strong>sit</strong></span> <span class='ocrx_word' id='word_1_48' title='bbox 455 1241 638 1300; x_wconf 86' lang='lat' dir='ltr'><strong>contentus</strong></span> <span class='ocrx_word' id='word_1_49' title='bbox 664 1225 843 1314; x_wconf 77' lang='lat' dir='ltr'><strong>hostium,</strong></span> <span class='ocrx_word' id='word_1_50' title='bbox 867 1249 976 1323; x_wconf 76' lang='lat' dir='ltr'><strong>quern</strong></span> <span class='ocrx_word' id='word_1_51' title='bbox 1007 1231 1042 1298; x_wconf 89' lang='lat' dir='ltr'><strong>si</strong></span> <span class='ocrx_word' id='word_1_52' title='bbox 1077 1233 1156 1299; x_wconf 85' lang='lat' dir='ltr'><strong>sine</strong></span> <span class='ocrx_word' id='word_1_53' title='bbox 1179 1227 1400 1302; x_wconf 84' lang='lat' dir='ltr'><strong>dimicatione</strong></span> <span class='ocrx_word' id='word_1_54' title='bbox 1423 1233 1463 1298; x_wconf 87' lang='lat' dir='ltr'><strong>in·</strong></span> 
     </span>
     <span class='ocr_line' id='line_1_9' title="bbox 366 1339 1465 1441; baseline -0.007 -23"><span class='ocrx_word' id='word_1_55' title='bbox 366 1344 478 1441; x_wconf 85' lang='lat' dir='ltr'><strong>serre</strong></span> <span class='ocrx_word' id='word_1_56' title='bbox 504 1345 655 1439; x_wconf 78' lang='lat' dir='ltr'><strong>integris</strong></span> <span class='ocrx_word' id='word_1_57' title='bbox 678 1353 823 1437; x_wconf 85' lang='lat' dir='ltr'><strong>posset,</strong></span> <span class='ocrx_word' id='word_1_58' title='bbox 845 1363 913 1434; x_wconf 77' lang='lat' dir='ltr'><strong>pm</strong></span> <span class='ocrx_word' id='word_1_59' title='bbox 939 1363 1007 1412; x_wconf 78' lang='lat' dir='ltr'><strong>rua</strong></span> <span class='ocrx_word' id='word_1_60' title='bbox 1032 1339 1217 1414; x_wconf 74' lang='lat' dir='ltr'><strong>clementio</strong></span> <span class='ocrx_word' id='word_1_61' title='bbox 1242 1353 1347 1439; x_wconf 85' lang='lat' dir='ltr'><strong>atque</strong></span> <span class='ocrx_word' id='word_1_62' title='bbox 1369 1341 1465 1413; x_wconf 79' lang='lat' dir='ltr'><strong>tuma·</strong></span> 
     </span>
     <span class='ocr_line' id='line_1_10' title="bbox 384 1451 1464 1554; baseline -0.004 -24"><span class='ocrx_word' id='word_1_63' title='bbox 384 1462 494 1530; x_wconf 83' lang='lat' dir='ltr'><strong>nitate</strong></span> <span class='ocrx_word' id='word_1_64' title='bbox 519 1475 715 1550; x_wconf 80' lang='lat' dir='ltr'><strong>numquam</strong></span> <span class='ocrx_word' id='word_1_65' title='bbox 729 1451 890 1550; x_wconf 67' lang='lat' dir='ltr'><strong>prrffecto</strong></span> <span class='ocrx_word' id='word_1_66' title='bbox 908 1468 1000 1526; x_wconf 90' lang='lat' dir='ltr'><strong>esset</strong></span> <span class='ocrx_word' id='word_1_67' title='bbox 1016 1456 1213 1528; x_wconf 69' lang='lat' dir='ltr'><strong>inlotus-us:</strong></span> <span class='ocrx_word' id='word_1_68' title='bbox 1230 1453 1393 1554; x_wconf 82' lang='lat' dir='ltr'><strong>adflictos</strong></span> <span class='ocrx_word' id='word_1_69' title='bbox 1406 1477 1464 1549; x_wconf 83' lang='lat' dir='ltr'><strong>opes</strong></span> 
     </span>
     <span class='ocr_line' id='line_1_11' title="bbox 383 1568 1464 1672; baseline -0.008 -26"><span class='ocrx_word' id='word_1_70' title='bbox 383 1573 539 1672; x_wconf 76' lang='lat' dir='ltr'><strong>equestri</strong></span> <span class='ocrx_word' id='word_1_71' title='bbox 559 1569 692 1666; x_wconf 85' lang='lat' dir='ltr'><strong>proelio</strong></span> <span class='ocrx_word' id='word_1_72' title='bbox 712 1568 981 1642; x_wconf 82' lang='lat' dir='ltr'><strong>Bellovacorum</strong></span> <span class='ocrx_word' id='word_1_73' title='bbox 995 1593 1093 1652; x_wconf 84' lang='lat' dir='ltr'><strong>esse,-</strong></span> <span class='ocrx_word' id='word_1_74' title='bbox 1107 1569 1324 1643; x_wconf 83' lang='lat' dir='ltr'><strong>delectorum</strong></span> <span class='ocrx_word' id='word_1_75' title='bbox 1338 1571 1464 1668; x_wconf 74' lang='lat' dir='ltr'><strong>peditem</strong></span> 
     </span>
     <span class='ocr_line' id='line_1_12' title="bbox 385 1681 1463 1782; baseline -0.005 -26"><span class='ocrx_word' id='word_1_76' title='bbox 385 1687 498 1756; x_wconf 77' lang='lat' dir='ltr'><strong>neulto</strong></span> <span class='ocrx_word' id='word_1_77' title='bbox 523 1682 625 1754; x_wconf 76' lang='lat' dir='ltr'><strong>utilio</strong></span> <span class='ocrx_word' id='word_1_78' title='bbox 648 1685 838 1763; x_wconf 70' lang='lat' dir='ltr'><strong>interisse,</strong></span> <span class='ocrx_word' id='word_1_79' title='bbox 862 1683 926 1754; x_wconf 71' lang='lat' dir='ltr'><strong>uix</strong></span> <span class='ocrx_word' id='word_1_80' title='bbox 951 1681 1133 1782; x_wconf 73' lang='lat' dir='ltr'><strong>refugisse</strong></span> <span class='ocrx_word' id='word_1_81' title='bbox 1165 1691 1316 1758; x_wconf 72' lang='lat' dir='ltr'><strong>nemetae</strong></span> <span class='ocrx_word' id='word_1_82' title='bbox 1352 1685 1463 1756; x_wconf 75' lang='lat' dir='ltr'><strong>cordo:</strong></span> 
     </span>
     <span class='ocr_line' id='line_1_13' title="bbox 384 1800 1464 1895; baseline -0.005 -20"><span class='ocrx_word' id='word_1_83' title='bbox 384 1819 502 1876; x_wconf 85' lang='lat' dir='ltr'><strong>tamen</strong></span> <span class='ocrx_word' id='word_1_84' title='bbox 526 1823 721 1895; x_wconf 71' lang='lat' dir='ltr'><strong>magnesia,</strong></span> <span class='ocrx_word' id='word_1_85' title='bbox 747 1812 788 1870; x_wconf 84' lang='lat' dir='ltr'><strong>ut</strong></span> <span class='ocrx_word' id='word_1_86' title='bbox 813 1801 851 1868; x_wconf 84' lang='lat' dir='ltr'><strong>in</strong></span> <span class='ocrx_word' id='word_1_87' title='bbox 877 1809 977 1868; x_wconf 73' lang='lat' dir='ltr'><strong>muta</strong></span> <span class='ocrx_word' id='word_1_88' title='bbox 993 1800 1214 1890; x_wconf 75' lang='lat' dir='ltr'><strong>calamitate,</strong></span> <span class='ocrx_word' id='word_1_89' title='bbox 1234 1801 1464 1875; x_wconf 80' lang='lat' dir='ltr'><strong>Bellovacoso</strong></span> 
     </span>
     <span class='ocr_line' id='line_1_14' title="bbox 381 1913 1463 2020; baseline -0.004 -30"><span class='ocrx_word' id='word_1_90' title='bbox 381 1918 516 2020; x_wconf 87' lang='lat' dir='ltr'><strong>proelio</strong></span> <span class='ocrx_word' id='word_1_91' title='bbox 555 1913 778 1986; x_wconf 81' lang='lat' dir='ltr'><strong>corrrmodum</strong></span> <span class='ocrx_word' id='word_1_92' title='bbox 817 1937 896 1986; x_wconf 86' lang='lat' dir='ltr'><strong>esse</strong></span> <span class='ocrx_word' id='word_1_93' title='bbox 933 1927 1160 2002; x_wconf 80' lang='lat' dir='ltr'><strong>consecutos,</strong></span> <span class='ocrx_word' id='word_1_94' title='bbox 1192 1917 1291 2013; x_wconf 84' lang='lat' dir='ltr'><strong>quod</strong></span> <span class='ocrx_word' id='word_1_95' title='bbox 1320 1916 1463 2000; x_wconf 71' lang='lat' dir='ltr'><strong>Correo,</strong></span> 
     </span>
     <span class='ocr_line' id='line_1_15' title="bbox 384 2027 1463 2123; baseline -0.007 -19"><span class='ocrx_word' id='word_1_96' title='bbox 384 2045 511 2104; x_wconf 78' lang='lat' dir='ltr'><strong>asertor</strong></span> <span class='ocrx_word' id='word_1_97' title='bbox 534 2028 634 2116; x_wconf 79' lang='lat' dir='ltr'><strong>belli,</strong></span> <span class='ocrx_word' id='word_1_98' title='bbox 659 2031 856 2100; x_wconf 87' lang='lat' dir='ltr'><strong>concitator</strong></span> <span class='ocrx_word' id='word_1_99' title='bbox 881 2027 1140 2112; x_wconf 84' lang='lat' dir='ltr'><strong>multitudinis,</strong></span> <span class='ocrx_word' id='word_1_100' title='bbox 1165 2043 1257 2102; x_wconf 86' lang='lat' dir='ltr'><strong>esset</strong></span> <span class='ocrx_word' id='word_1_101' title='bbox 1273 2031 1463 2123; x_wconf 64' lang='lat' dir='ltr'><strong>intep‘ectue</strong></span> 
     </span>
     <span class='ocr_line' id='line_1_16' title="bbox 269 2133 1463 2243; baseline 0 -25"><span class='ocrx_word' id='word_1_102' title='bbox 269 2133 275 2148; x_wconf 86' lang='grc'>’</span> <span class='ocrx_word' id='word_1_103' title='bbox 385 2169 581 2243; x_wconf 77' lang='lat' dir='ltr'><strong>numquam</strong></span> <span class='ocrx_word' id='word_1_104' title='bbox 605 2147 700 2214; x_wconf 85' lang='lat' dir='ltr'><strong>em’m</strong></span> <span class='ocrx_word' id='word_1_105' title='bbox 723 2153 886 2218; x_wconf 82' lang='lat' dir='ltr'><strong>senatum</strong></span> <span class='ocrx_word' id='word_1_106' title='bbox 912 2154 1050 2214; x_wconf 85' lang='lat' dir='ltr'><strong>tantum</strong></span> <span class='ocrx_word' id='word_1_107' title='bbox 1075 2147 1114 2213; x_wconf 87' lang='lat' dir='ltr'><strong>in</strong></span> <span class='ocrx_word' id='word_1_108' title='bbox 1139 2143 1301 2233; x_wconf 69' lang='lat' dir='ltr'><strong>uitus,</strong></span> <span class='ocrx_word' id='word_1_109' title='bbox 1324 2145 1380 2217; x_wconf 85' lang='lat' dir='ltr'><strong>illo</strong></span> <span class='ocrx_word' id='word_1_110' title='bbox 1401 2147 1463 2229; x_wconf 84' lang='lat' dir='ltr'><strong>vivo,</strong></span> 
     </span>
     <span class='ocr_line' id='line_1_17' title="bbox 383 2257 1144 2362; baseline -0.009 -27"><span class='ocrx_word' id='word_1_111' title='bbox 383 2275 558 2362; x_wconf 75' lang='lat' dir='ltr'><strong>precntum</strong></span> <span class='ocrx_word' id='word_1_112' title='bbox 581 2262 772 2356; x_wconf 81' lang='lat' dir='ltr'><strong>inperitam</strong></span> <span class='ocrx_word' id='word_1_113' title='bbox 792 2257 953 2355; x_wconf 76' lang='lat' dir='ltr'><strong>plebeos,</strong></span> <span class='ocrx_word' id='word_1_114' title='bbox 975 2261 1144 2354; x_wconf 82' lang='lat' dir='ltr'><strong>potuisse.</strong></span> 
     </span>
    </p>

    <p class='ocr_par' dir='ltr' id='par_1_4' title="bbox 371 2369 1462 3623">
     <span class='ocr_line' id='line_1_18' title="bbox 437 2369 1461 2470; baseline -0.006 -22"><span class='ocrx_word' id='word_1_115' title='bbox 437 2402 498 2448; x_wconf 66' lang='grc' dir='ltr'><strong>υ..</strong></span> <span class='ocrx_word' id='word_1_116' title='bbox 523 2375 626 2448; x_wconf 82' lang='lat' dir='ltr'><strong>Haec</strong></span> <span class='ocrx_word' id='word_1_117' title='bbox 653 2371 846 2447; x_wconf 84' lang='lat' dir='ltr'><strong>orantibus</strong></span> <span class='ocrx_word' id='word_1_118' title='bbox 873 2369 1024 2470; x_wconf 79' lang='lat' dir='ltr'><strong>legetis,</strong></span> <span class='ocrx_word' id='word_1_119' title='bbox 1051 2381 1325 2448; x_wconf 81' lang='lat' dir='ltr'><strong>commemorat</strong></span> <span class='ocrx_word' id='word_1_120' title='bbox 1348 2375 1461 2459; x_wconf 71' lang='lat' dir='ltr'><strong>caesar,</strong></span> 
     </span>
     <span class='ocr_line' id='line_1_19' title="bbox 384 2485 1462 2587; baseline -0.003 -23"><span class='ocrx_word' id='word_1_121' title='bbox 384 2489 507 2564; x_wconf 83' lang='lat' dir='ltr'><strong>eodem</strong></span> <span class='ocrx_word' id='word_1_122' title='bbox 531 2502 687 2587; x_wconf 87' lang='lat' dir='ltr'><strong>tempore</strong></span> <span class='ocrx_word' id='word_1_123' title='bbox 710 2491 892 2584; x_wconf 73' lang='lat' dir='ltr'><strong>superiora</strong></span> <span class='ocrx_word' id='word_1_124' title='bbox 921 2511 1015 2558; x_wconf 86' lang='lat' dir='ltr'><strong>onno</strong></span> <span class='ocrx_word' id='word_1_125' title='bbox 1048 2485 1255 2560; x_wconf 82' lang='lat' dir='ltr'><strong>Bellovacos</strong></span> <span class='ocrx_word' id='word_1_126' title='bbox 1294 2501 1462 2584; x_wconf 75' lang='lat' dir='ltr'><strong>ceterasque</strong></span> 
     </span>
     <span class='ocr_line' id='line_1_20' title="bbox 384 2601 1461 2698; baseline -0.007 -20"><span class='ocrx_word' id='word_1_127' title='bbox 384 2605 523 2678; x_wconf 84' lang='lat' dir='ltr'><strong>Galliae</strong></span> <span class='ocrx_word' id='word_1_128' title='bbox 547 2608 707 2679; x_wconf 81' lang='lat' dir='ltr'><strong>ciuitates</strong></span> <span class='ocrx_word' id='word_1_129' title='bbox 732 2605 930 2698; x_wconf 81' lang='lat' dir='ltr'><strong>suscepisse</strong></span> <span class='ocrx_word' id='word_1_130' title='bbox 953 2601 1099 2684; x_wconf 64' lang='lat' dir='ltr'><strong>bellum·</strong></span> <span class='ocrx_word' id='word_1_131' title='bbox 1120 2605 1398 2698; x_wconf 81' lang='lat' dir='ltr'><strong>pertinacissime</strong></span> <span class='ocrx_word' id='word_1_132' title='bbox 1417 2604 1461 2676; x_wconf 84' lang='lat' dir='ltr'><strong>ius</strong></span> 
     </span>
     <span class='ocr_line' id='line_1_21' title="bbox 383 2717 1460 2816; baseline -0.009 -22"><span class='ocrx_word' id='word_1_133' title='bbox 383 2743 431 2794; x_wconf 74' lang='lat' dir='ltr'><strong>ex</strong></span> <span class='ocrx_word' id='word_1_134' title='bbox 455 2717 617 2788; x_wconf 79' lang='lat' dir='ltr'><strong>omnibus</strong></span> <span class='ocrx_word' id='word_1_135' title='bbox 643 2721 682 2787; x_wconf 88' lang='lat' dir='ltr'><strong>in</strong></span> <span class='ocrx_word' id='word_1_136' title='bbox 707 2721 879 2790; x_wconf 86' lang='lat' dir='ltr'><strong>sententia</strong></span> <span class='ocrx_word' id='word_1_137' title='bbox 901 2720 1166 2814; x_wconf 86' lang='lat' dir='ltr'><strong>permansisse,</strong></span> <span class='ocrx_word' id='word_1_138' title='bbox 1189 2743 1303 2816; x_wconf 87' lang='lat' dir='ltr'><strong>neque</strong></span> <span class='ocrx_word' id='word_1_139' title='bbox 1326 2718 1374 2790; x_wconf 85' lang='lat' dir='ltr'><strong>ad</strong></span> <span class='ocrx_word' id='word_1_140' title='bbox 1392 2719 1460 2788; x_wconf 82' lang='lat' dir='ltr'><strong>sni·</strong></span> 
     </span>
     <span class='ocr_line' id='line_1_22' title="bbox 381 2833 1461 2932; baseline -0.004 -26"><span class='ocrx_word' id='word_1_141' title='bbox 381 2847 490 2906; x_wconf 88' lang='lat' dir='ltr'><strong>totem</strong></span> <span class='ocrx_word' id='word_1_142' title='bbox 516 2835 731 2932; x_wconf 74' lang='lat' dir='ltr'><strong>reb&#39;quorum</strong></span> <span class='ocrx_word' id='word_1_143' title='bbox 757 2833 930 2907; x_wconf 83' lang='lat' dir='ltr'><strong>deditione</strong></span> <span class='ocrx_word' id='word_1_144' title='bbox 947 2855 1024 2904; x_wconf 88' lang='lat' dir='ltr'><strong>esse</strong></span> <span class='ocrx_word' id='word_1_145' title='bbox 1044 2833 1256 2929; x_wconf 84' lang='lat' dir='ltr'><strong>perductos:</strong></span> <span class='ocrx_word' id='word_1_146' title='bbox 1280 2841 1372 2908; x_wconf 86' lang='lat' dir='ltr'><strong>seire</strong></span> <span class='ocrx_word' id='word_1_147' title='bbox 1385 2847 1461 2930; x_wconf 81' lang='lat' dir='ltr'><strong>atque</strong></span> 
     </span>
     <span class='ocr_line' id='line_1_23' title="bbox 380 2937 1461 3048; baseline -0.002 -28"><span class='ocrx_word' id='word_1_148' title='bbox 380 2950 584 3048; x_wconf 79' lang='lat' dir='ltr'><strong>intellegere</strong></span> <span class='ocrx_word' id='word_1_149' title='bbox 608 2973 671 3038; x_wconf 90' lang='lat' dir='ltr'><strong>se,</strong></span> <span class='ocrx_word' id='word_1_150' title='bbox 696 2975 863 3024; x_wconf 78' lang='lat' dir='ltr'><strong>cerussam</strong></span> <span class='ocrx_word' id='word_1_151' title='bbox 889 2953 1030 3046; x_wconf 87' lang='lat' dir='ltr'><strong>peccati</strong></span> <span class='ocrx_word' id='word_1_152' title='bbox 1042 2937 1228 3047; x_wconf 72' lang='lat' dir='ltr'><strong>fiz&#39;cillime</strong></span> <span class='ocrx_word' id='word_1_153' title='bbox 1253 2955 1396 3025; x_wconf 80' lang='lat' dir='ltr'><strong>mortuis</strong></span> <span class='ocrx_word' id='word_1_154' title='bbox 1422 2947 1461 3018; x_wconf 76' lang='lat' dir='ltr'><strong>te·</strong></span> 
     </span>
     <span class='ocr_line' id='line_1_24' title="bbox 380 3065 1461 3164; baseline -0.004 -28"><span class='ocrx_word' id='word_1_155' title='bbox 380 3066 499 3164; x_wconf 81' lang='lat' dir='ltr'><strong>legari</strong></span> <span class='ocrx_word' id='word_1_156' title='bbox 504 3094 518 3148; x_wconf 90' lang='grc'><strong>,·</strong></span> <span class='ocrx_word' id='word_1_157' title='bbox 543 3069 717 3138; x_wconf 86' lang='lat' dir='ltr'><strong>neminem</strong></span> <span class='ocrx_word' id='word_1_158' title='bbox 743 3090 822 3138; x_wconf 81' lang='lat' dir='ltr'><strong>uero</strong></span> <span class='ocrx_word' id='word_1_159' title='bbox 848 3078 984 3137; x_wconf 87' lang='lat' dir='ltr'><strong>tontum</strong></span> <span class='ocrx_word' id='word_1_160' title='bbox 999 3067 1150 3164; x_wconf 83' lang='lat' dir='ltr'><strong>pollere,</strong></span> <span class='ocrx_word' id='word_1_161' title='bbox 1166 3081 1226 3158; x_wconf 88' lang='lat' dir='ltr'><strong>ut,</strong></span> <span class='ocrx_word' id='word_1_162' title='bbox 1248 3073 1368 3145; x_wconf 82' lang='lat' dir='ltr'><strong>inuitis</strong></span> <span class='ocrx_word' id='word_1_163' title='bbox 1383 3065 1461 3138; x_wconf 86' lang='lat' dir='ltr'><strong>Prin·</strong></span> 
     </span>
     <span class='ocr_line' id='line_1_25' title="bbox 377 3177 1461 3280; baseline -0.002 -30"><span class='ocrx_word' id='word_1_164' title='bbox 377 3179 537 3276; x_wconf 82' lang='lat' dir='ltr'><strong>cipibus,</strong></span> <span class='ocrx_word' id='word_1_165' title='bbox 562 3183 744 3252; x_wconf 82' lang='lat' dir='ltr'><strong>resistente</strong></span> <span class='ocrx_word' id='word_1_166' title='bbox 767 3193 919 3270; x_wconf 86' lang='lat' dir='ltr'><strong>senatu,</strong></span> <span class='ocrx_word' id='word_1_167' title='bbox 944 3181 1106 3252; x_wconf 85' lang='lat' dir='ltr'><strong>omnibus</strong></span> <span class='ocrx_word' id='word_1_168' title='bbox 1131 3179 1232 3252; x_wconf 85' lang='lat' dir='ltr'><strong>bonis</strong></span> <span class='ocrx_word' id='word_1_169' title='bbox 1263 3177 1461 3280; x_wconf 79' lang='lat' dir='ltr'><strong>repugnanti·</strong></span> 
     </span>
     <span class='ocr_line' id='line_1_26' title="bbox 371 3291 1459 3396; baseline -0.001 -30"><span class='ocrx_word' id='word_1_170' title='bbox 371 3295 468 3385; x_wconf 82' lang='lat' dir='ltr'><strong>&#39;has,</strong></span> <span class='ocrx_word' id='word_1_171' title='bbox 492 3291 640 3390; x_wconf 83' lang='lat' dir='ltr'><strong>infirmo</strong></span> <span class='ocrx_word' id='word_1_172' title='bbox 665 3319 775 3370; x_wconf 80' lang='lat' dir='ltr'><strong>manu</strong></span> <span class='ocrx_word' id='word_1_173' title='bbox 798 3295 909 3394; x_wconf 85' lang='lat' dir='ltr'><strong>plebis</strong></span> <span class='ocrx_word' id='word_1_174' title='bbox 934 3296 1063 3374; x_wconf 80' lang='lat' dir='ltr'><strong>bellum</strong></span> <span class='ocrx_word' id='word_1_175' title='bbox 1087 3303 1264 3372; x_wconf 84' lang='lat' dir='ltr'><strong>concitare</strong></span> <span class='ocrx_word' id='word_1_176' title='bbox 1304 3313 1338 3373; x_wconf 89' lang='lat' dir='ltr'><strong>et</strong></span> <span class='ocrx_word' id='word_1_177' title='bbox 1362 3315 1459 3396; x_wconf 80' lang='lat' dir='ltr'><strong>gerere</strong></span> 
     </span>
     <span class='ocr_line' id='line_1_27' title="bbox 373 3409 1459 3512; baseline 0.004 -32"><span class='ocrx_word' id='word_1_178' title='bbox 373 3423 493 3506; x_wconf 87' lang='lat' dir='ltr'><strong>posset</strong></span> <span class='ocrx_word' id='word_1_179' title='bbox 508 3439 520 3478; x_wconf 91' lang='lat'><em>:</em></span> <span class='ocrx_word' id='word_1_180' title='bbox 535 3409 611 3512; x_wconf 83' lang='lat' dir='ltr'><strong>¹sed</strong></span> <span class='ocrx_word' id='word_1_181' title='bbox 634 3424 752 3481; x_wconf 84' lang='lat' dir='ltr'><strong>tamen</strong></span> <span class='ocrx_word' id='word_1_182' title='bbox 776 3433 816 3482; x_wconf 91' lang='lat' dir='ltr'><strong>se</strong></span> <span class='ocrx_word' id='word_1_183' title='bbox 839 3423 1041 3482; x_wconf 76' lang='lat' dir='ltr'><strong>conteniwn</strong></span> <span class='ocrx_word' id='word_1_184' title='bbox 1051 3409 1145 3506; x_wconf 87' lang='lat' dir='ltr'><strong>sore</strong></span> <span class='ocrx_word' id='word_1_185' title='bbox 1167 3437 1209 3486; x_wconf 89' lang='lat' dir='ltr'><strong>ea</strong></span> <span class='ocrx_word' id='word_1_186' title='bbox 1232 3437 1363 3512; x_wconf 88' lang='lat' dir='ltr'><strong>poena,</strong></span> <span class='ocrx_word' id='word_1_187' title='bbox 1380 3429 1459 3508; x_wconf 81' lang='lat' dir='ltr'><strong>qma</strong></span> 
     </span>
     <span class='ocr_line' id='line_1_28' title="bbox 376 3527 855 3623; baseline -0.008 -24"><span class='ocrx_word' id='word_1_188' title='bbox 376 3527 447 3599; x_wconf 85' lang='lat' dir='ltr'><strong>sibi</strong></span> <span class='ocrx_word' id='word_1_189' title='bbox 477 3531 551 3623; x_wconf 85' lang='lat' dir='ltr'><strong>ipsi</strong></span> <span class='ocrx_word' id='word_1_190' title='bbox 580 3531 855 3599; x_wconf 71' lang='lat' dir='ltr'><strong>contraxissent.</strong></span> 
     </span>
    </p>

    <p class='ocr_par' dir='ltr' id='par_1_5' title="bbox 426 3633 1458 3745">
     <span class='ocr_line' id='line_1_29' title="bbox 426 3633 1458 3745; baseline -0.005 -31"><span class='ocrx_word' id='word_1_191' title='bbox 426 3639 488 3716; x_wconf 77' lang='lat'><strong>23.</strong></span> <span class='ocrx_word' id='word_1_192' title='bbox 514 3639 636 3714; x_wconf 88' lang='lat' dir='ltr'><strong>Nocte</strong></span> <span class='ocrx_word' id='word_1_193' title='bbox 662 3640 871 3736; x_wconf 84' lang='lat' dir='ltr'><strong>insequenti</strong></span> <span class='ocrx_word' id='word_1_194' title='bbox 896 3637 1012 3741; x_wconf 86' lang='lat' dir='ltr'><strong>legati</strong></span> <span class='ocrx_word' id='word_1_195' title='bbox 1028 3664 1204 3745; x_wconf 83' lang='lat' dir='ltr'><strong>responsa</strong></span> <span class='ocrx_word' id='word_1_196' title='bbox 1225 3641 1271 3718; x_wconf 80' lang='lat' dir='ltr'><strong>ad</strong></span> <span class='ocrx_word' id='word_1_197' title='bbox 1289 3665 1372 3718; x_wconf 86' lang='lat' dir='ltr'><strong>suos</strong></span> <span class='ocrx_word' id='word_1_198' title='bbox 1387 3633 1458 3712; x_wconf 83' lang='lat' dir='ltr'><strong>rese·</strong></span> 
     </span>
    </p>
   </div>
   <div class='ocr_carea' id='block_1_3' title="bbox 370 3929 1455 4392">
    <p class='ocr_par' dir='ltr' id='par_1_6' title="bbox 370 3929 1455 4392">
     <span class='ocr_line' id='line_1_30' title="bbox 447 3929 1455 4049; baseline 0.004 -65"><span class='ocrx_word' id='word_1_199' title='bbox 447 3937 495 3984; x_wconf 78' lang='lat' dir='ltr'><strong>art.</strong></span> <span class='ocrx_word' id='word_1_200' title='bbox 510 3929 595 4049; x_wconf 51' lang='lat' dir='ltr'><strong>tuffo</strong></span> <span class='ocrx_word' id='word_1_201' title='bbox 606 3931 826 4000; x_wconf 70' lang='lat' dir='ltr'><strong>praemittuntur.</strong></span> <span class='ocrx_word' id='word_1_202' title='bbox 844 3929 898 3988; x_wconf 74' lang='lat' dir='ltr'><strong>set</strong></span> <span class='ocrx_word' id='word_1_203' title='bbox 997 3937 1140 3984; x_wconf 68' lang='lat' dir='ltr'><strong>tenuntur</strong></span> <span class='ocrx_word' id='word_1_204' title='bbox 1152 3935 1245 3986; x_wconf 79' lang='lat' dir='ltr'><strong>orntue</strong></span> <span class='ocrx_word' id='word_1_205' title='bbox 1265 3932 1455 3992; x_wconf 63' lang='lat' dir='ltr'><strong>intimisque·</strong></span> 
     </span>
     <span class='ocr_line' id='line_1_31' title="bbox 371 3997 1455 4066; baseline 0 -16"><span class='ocrx_word' id='word_1_206' title='bbox 371 4002 420 4054; x_wconf 75' lang='lat' dir='ltr'><strong>eod</strong></span> <span class='ocrx_word' id='word_1_207' title='bbox 441 4037 448 4050; x_wconf 96' lang='lat'><strong>.</strong></span> <span class='ocrx_word' id='word_1_208' title='bbox 466 4017 520 4050; x_wconf 91' lang='lat' dir='ltr'><strong>non</strong></span> <span class='ocrx_word' id='word_1_209' title='bbox 537 4019 551 4048; x_wconf 88' lang='lat' dir='ltr'><strong>o</strong></span> <span class='ocrx_word' id='word_1_210' title='bbox 572 4015 706 4066; x_wconf 72' lang='lat' dir='ltr'><strong>gamem.</strong></span> <span class='ocrx_word' id='word_1_211' title='bbox 779 4035 789 4044; x_wconf 90' lang='lat'><strong>.</strong></span> <span class='ocrx_word' id='word_1_212' title='bbox 964 3997 1034 4051; x_wconf 78' lang='lat' dir='ltr'><strong>oud.</strong></span> <span class='ocrx_word' id='word_1_213' title='bbox 1052 4001 1161 4054; x_wconf 82' lang='lat' dir='ltr'><strong>coniicit</strong></span> <span class='ocrx_word' id='word_1_214' title='bbox 1178 4003 1345 4058; x_wconf 78' lang='lat' dir='ltr'><strong>scribendum</strong></span> <span class='ocrx_word' id='word_1_215' title='bbox 1362 4003 1455 4051; x_wconf 70' lang='lat' dir='ltr'><strong>conator-</strong></span> 
     </span>
     <span class='ocr_line' id='line_1_32' title="bbox 405 4063 1149 4136; baseline -0.003 -16"><span class='ocrx_word' id='word_1_216' title='bbox 405 4070 531 4136; x_wconf 70' lang='lat' dir='ltr'><strong>integms,</strong></span> <span class='ocrx_word' id='word_1_217' title='bbox 553 4082 607 4116; x_wconf 89' lang='lat' dir='ltr'><strong>non</strong></span> <span class='ocrx_word' id='word_1_218' title='bbox 630 4066 706 4126; x_wconf 68' lang='lat' dir='ltr'><strong>vieti,</strong></span> <span class='ocrx_word' id='word_1_219' title='bbox 731 4071 759 4117; x_wconf 85' lang='lat' dir='ltr'><strong>ct</strong></span> <span class='ocrx_word' id='word_1_220' title='bbox 774 4063 897 4118; x_wconf 75' lang='lat' dir='ltr'><strong>astitistis.</strong></span> <span class='ocrx_word' id='word_1_221' title='bbox 964 4065 1009 4120; x_wconf 78' lang='lat' dir='ltr'><strong>eod</strong></span> <span class='ocrx_word' id='word_1_222' title='bbox 1026 4083 1050 4118; x_wconf 85' lang='grc' dir='ltr'><strong>ν.</strong></span> <span class='ocrx_word' id='word_1_223' title='bbox 1068 4085 1090 4118; x_wconf 89' lang='lat' dir='ltr'><strong>c.</strong></span> <span class='ocrx_word' id='word_1_224' title='bbox 1109 4067 1149 4120; x_wconf 77' lang='lat'><strong>38.</strong></span> 
     </span>
     <span class='ocr_line' id='line_1_33' title="bbox 371 4134 1331 4204; baseline 0.002 -16"><span class='ocrx_word' id='word_1_225' title='bbox 371 4135 414 4188; x_wconf 78' lang='grc' dir='ltr'><strong>Μ.</strong></span> <span class='ocrx_word' id='word_1_226' title='bbox 787 4191 792 4202; x_wconf 46' lang='grc' dir='ltr'>Ι</span> <span class='ocrx_word' id='word_1_227' title='bbox 996 4134 1118 4204; x_wconf 68' lang='lat' dir='ltr'><strong>detegari-</strong></span> <span class='ocrx_word' id='word_1_228' title='bbox 1136 4135 1196 4188; x_wconf 85' lang='lat' dir='ltr'><strong>Vid.</strong></span> <span class='ocrx_word' id='word_1_229' title='bbox 1214 4137 1272 4190; x_wconf 83' lang='lat' dir='ltr'><strong>ind.</strong></span> <span class='ocrx_word' id='word_1_230' title='bbox 1289 4137 1331 4190; x_wconf 85' lang='lat' dir='ltr'><strong>M.</strong></span> 
     </span>
     <span class='ocr_line' id='line_1_34' title="bbox 404 4192 1455 4272; baseline -0.004 -20"><span class='ocrx_word' id='word_1_231' title='bbox 404 4201 530 4267; x_wconf 76' lang='lat' dir='ltr'><strong>adflictas.</strong></span> <span class='ocrx_word' id='word_1_232' title='bbox 557 4197 617 4250; x_wconf 84' lang='lat' dir='ltr'><strong>Duo</strong></span> <span class='ocrx_word' id='word_1_233' title='bbox 633 4197 699 4252; x_wconf 79' lang='lat' dir='ltr'><strong>beni</strong></span> <span class='ocrx_word' id='word_1_234' title='bbox 715 4197 791 4252; x_wconf 81' lang='lat' dir='ltr'><strong>codd.</strong></span> <span class='ocrx_word' id='word_1_235' title='bbox 820 4197 897 4268; x_wconf 60' lang='lat' dir='ltr'><strong>asise-</strong></span> <span class='ocrx_word' id='word_1_236' title='bbox 996 4201 1109 4253; x_wconf 72' lang='lat' dir='ltr'><strong>ommibus</strong></span> <span class='ocrx_word' id='word_1_237' title='bbox 1125 4204 1196 4254; x_wconf 81' lang='lat' dir='ltr'><strong>bonis</strong></span> <span class='ocrx_word' id='word_1_238' title='bbox 1213 4223 1266 4272; x_wconf 82' lang='lat' dir='ltr'><strong>rep.</strong></span> <span class='ocrx_word' id='word_1_239' title='bbox 1296 4211 1329 4262; x_wconf 65' lang='lat' dir='ltr'><strong>&#39;rt</strong></span> <span class='ocrx_word' id='word_1_240' title='bbox 1350 4203 1409 4255; x_wconf 78' lang='lat' dir='ltr'><strong>tonis</strong></span> <span class='ocrx_word' id='word_1_241' title='bbox 1422 4192 1455 4243; x_wconf 69' lang='lat' dir='ltr'><strong>ht·</strong></span> 
     </span>
     <span class='ocr_line' id='line_1_35' title="bbox 370 4263 1454 4387; baseline 0.002 -65"><span class='ocrx_word' id='word_1_242' title='bbox 370 4280 440 4386; x_wconf 51' lang='lat' dir='ltr'><strong>gap:</strong></span> <span class='ocrx_word' id='word_1_243' title='bbox 458 4273 550 4387; x_wconf 57' lang='lat' dir='ltr'><strong>ripun</strong></span> <span class='ocrx_word' id='word_1_244' title='bbox 560 4263 704 4383; x_wconf 55' lang='lat' dir='ltr'><strong>il&#39;plqnturn</strong></span> <span class='ocrx_word' id='word_1_245' title='bbox 715 4269 896 4339; x_wconf 81' lang='lat' dir='ltr'><strong>estinterpre·</strong></span> <span class='ocrx_word' id='word_1_246' title='bbox 962 4264 1029 4318; x_wconf 74' lang='lat' dir='ltr'><strong>bene</strong></span> <span class='ocrx_word' id='word_1_247' title='bbox 1044 4267 1103 4322; x_wconf 83' lang='lat' dir='ltr'><strong>cdd.</strong></span> <span class='ocrx_word' id='word_1_248' title='bbox 1121 4279 1185 4324; x_wconf 70' lang='lat' dir='ltr'><strong>vett</strong></span> <span class='ocrx_word' id='word_1_249' title='bbox 1203 4271 1272 4328; x_wconf 82' lang='lat' dir='ltr'><strong>Ood.</strong></span> <span class='ocrx_word' id='word_1_250' title='bbox 1289 4272 1374 4327; x_wconf 78' lang='lat' dir='ltr'><strong>omisit</strong></span> <span class='ocrx_word' id='word_1_251' title='bbox 1388 4275 1454 4338; x_wconf 59' lang='lat' dir='ltr'><strong>pert*</strong></span> 
     </span>
     <span class='ocr_line' id='line_1_36' title="bbox 414 4350 1027 4392; baseline 0 -6"><span class='ocrx_word' id='word_1_252' title='bbox 414 4350 448 4386; x_wconf 81' lang='lat' dir='ltr'><strong>te.</strong></span> <span class='ocrx_word' id='word_1_253' title='bbox 501 4369 507 4382; x_wconf 83' lang='lat'><strong>.</strong></span> <span class='ocrx_word' id='word_1_254' title='bbox 552 4351 569 4386; x_wconf 82' lang='lat' dir='ltr'><strong>n</strong></span> <span class='ocrx_word' id='word_1_255' title='bbox 591 4351 654 4386; x_wconf 78' lang='lat' dir='ltr'><strong>snm.</strong></span> <span class='ocrx_word' id='word_1_256' title='bbox 963 4353 1027 4392; x_wconf 78' lang='lat' dir='ltr'><strong>tarn.</strong></span> 
     </span>
    </p>
   </div>
   <div class='ocr_carea' id='block_1_4' title="bbox 0 0 1518 5264">
    <p class='ocr_par' dir='ltr' id='par_1_7' title="bbox 0 0 1518 5264">
     <span class='ocr_line' id='line_1_37' title="bbox 0 0 1518 5264; baseline 0 4"><span class='ocrx_word' id='word_1_257' title='bbox 0 0 1518 5264; x_wconf 95' lang='lat' dir='ltr'><strong> </strong></span> 
     </span>
    </p>
   </div>
  </div>
 </body>
</html>
