2986 5268
378 313 474 410 liu.
495 323 564 382 vn.
600 315 691 382 cle.
728 293 871 385 8⁴11.
1089 317 1116 382 2
1174 319 1175 322 ‘

66 517 206 598 Caesar
234 523 500 599 conlocaverat
526 527 737 624 dedisque
765 520 1021 614 adhibuerat.
1066 517 1187 624 obpu=

64 667 182 741 gnare
210 641 387 716 instituit.
607 643 609 646 ’

125 783 181 829 ιο.
210 743 385 856 Magnam
422 757 512 831 haec
552 783 611 831 res
650 758 795 830 Caesari
838 753 1099 830 ‘difficultatem
1139 756 1186 832 ad

68 872 267 944 consilium
297 875 518 971 capiendum
545 873 756 946 adferebat:
784 875 813 946 si
840 873 1019 971 reliquam
1040 883 1188 974 partem

66 990 203 1063 hiemis
229 1013 305 1060 uno
332 991 370 1060 in
396 989 481 1063 loce
507 989 668 1087 legiones
695 992 904 1063 contineret
924 1029 933 1078 2,
957 1017 1029 1081 ne,
1057 996 1188 1090 stipen-

67 1101 196 1175 diariis
222 1102 439 1176 Aeduorum
467 1105 715 1204 expugnatis,
742 1110 879 1176 cuncta
907 1104 1027 1177 Gallia
1056 1105 1188 1177 defice-

66 1227 157 1307 ret·,
194 1219 293 1316 quod
320 1219 462 1292 nullum
491 1221 619 1292 amicis
652 1221 690 1291 in
716 1235 760 1292 eo
792 1219 1015 1318 praesidium
1043 1219 1188 1294 videret

67 1336 237 1431 positum
265 1359 368 1421 csse;
387 1347 389 1352 ’
408 1337 463 1408 sin
496 1337 679 1407 maturius
707 1361 752 1407 ex
779 1337 941 1408 hibernis
982 1337 1188 1428 educeret',

70 1476 117 1521 nc
146 1451 193 1522 ab
219 1477 259 1520 re
280 1449 524 1522 frumentaria
543 1449 643 1522 duris
656 1451 964 1525 subvectionibus
987 1451 1188 1528 laboraret.

68 1570 265 1639 Praestare
294 1567 416 1639 visum
442 1571 497 1640 est
524 1573 675 1650 tamen,
704 1591 831 1640 omnes
850 1564 1088 1642 difficultates
1107 1595 1189 1668 per·

69 1682 181 1779 peti,
208 1706 349 1778 quam„
386 1687 495 1754 tanta
533 1679 760 1754 contumelia
799 1688 980 1779 accepta,
1019 1685 1189 1756 omnium

70 1821 226 1868 suorum
253 1795 468 1869 'voluntates
504 1795 675 1870 alienare.
701 1798 831 1894 ltaque
867 1798 1086 1871 cohortatus
1113 1802 1189 1873 Ae-

70 1913 164 1986 duos
192 1913 236 1986 de
263 1911 517 2012 subportandu
544 1917 778 1996 commeatu,
807 1915 1016 2010 praemittit
1048 1915 1094 1987 ad
1117 1918 1189 1988 Be

69 2034 151 2120 ios,
177 2029 241 2127 qui
270 2029 314 2102 dc
341 2053 409 2101 suo
436 2027 601 2100 adventu
629 2027 790 2100 doceant
817 2029 1116 2127 hortenturque,
1145 2039 1189 2104 ut

70 2151 109 2221 in
136 2147 207 2221 fide
234 2153 411 2232 maneant
438 2151 549 2242 atque
569 2143 735 2221 hostium
751 2146 1085 2246 inpetumrnagno
1112 2152 1187 2220 ani-¹

72 2291 136 2337 mo
174 2265 392 2336 sustineant.
435 2261 588 2332 Duabus
632 2260 811 2359 Agendici
843 2260 1190 2361 legionibus-atque·

70 2378 332 2476 inpedimentis
359 2377 475 2450 tetius
501 2375 687 2448 exereitus
715 2374 881 2472 relictis,
908 2375 954 2448 ad
974 2377 1084 2448 Boios
1105 2398 1191 2473 pru*

73 2496 267 2568 ficiscitur.

130 2632 185 2680 11.
212 2605 339 2680 Altero
367 2605 425 2677 die
451 2625 569 2702 quum
595 2604 642 2677 ad
669 2605 846 2703 oppidum
883 2605 1074 2676 Senonum
1088 2603 1191 2676 ·Vel-

74 2718 332 2792 launodunum
360 2720 547 2808 venisset,
574 2743 619 2791 ne
647 2731 758 2817 qsrem
785 2725 870 2817 post
895 2743 932 2790 se
960 2719 1103 2790 hostem
1131 2741 1192 2790 re*

75 2837 289 2936 linqueret,
316 2861 390 2934 quo
418 2833 645 2934 expeditiore
673 2862 712 2908 re
739 2837 982 2908 frumentaria
1012 2841 1191 2920 uteretur,

77 2955 291 3054 obpugnare
319 2954 483 3026 instituit
508 2953 619 3050 idque
647 2953 761 3025 hiduo
780 2950 1099 3026 circumvallante
1120 2960 1194 3026 ter·-

78 3283 175 3336 Centra
188 3281 317 3351 eleganter
328 3263 373 3334 elii
384 3273 478 3346 victum
491 3267 601 3350 quidam

79 3353 157 3402 etiam
175 3351 311 3412 Helvetia,
328 3342 374 3402 sed
390 3347 525 3401 Helvetico
543 3367 602 3400 om-

78 3421 140 3470 niuo
160 3425 284 3494 praestat.
305 3453 308 3461 ·

109 3515 207 3566 Aetate
222 3511 393 3566 attribuerat,
405 3517 437 3575 ut
452 3509 485 3561 ils
502 3508 603 3577 elipen-

79 3580 118 3632 ‹lia
132 3589 158 3632 et
173 3577 272 3630 tributa
281 3573 419 3629 solverent.
430 3573 472 3626 Cl‘.
482 3593 504 3628 c.
517 3591 554 3625 io.
564 3569 602 3625 M.

109 3675 206 3724 uideret
221 3673 334 3740 pusillam
352 3686 413 3720 esee.
432 3667 487 3720 Alli
504 3670 602 3722 videre-

80 3753 127 3790 tur.

111 3817 346 3870 Vellaunodemem.
391 3815 477 3883 Vulgo¹
497 3821 604 3884 putabit·

81 3903 133 3936 esse
153 3883 393 3936 coeterna-landon
416 3899 447 3932 en
471 3883 603 3943 Gutinuis,·

82 3962 119 4004 ast
132 3953 154 4002 le
166 3952 236 4003 Beul'
243 3953 271 4001 in
285 3949 379 4001 recueil
391 3952 423 4000 ‹le
434 3951 517 4000 diver-s
529 3951 605 4000 deria

81 4032 183 4070 servant
205 4020 222 4068 ei
244 4019 324 4069 l'ln'st.
353 4019 385 4067 de
411 4017 512 4067 Frahee
538 4025 558 4066 t.
581 4032 605 4066 2.

84 4103 174 4155 p.179.
187 4103 219 4137 ex
232 4085 359 4164 ee,.quod
373 4085 458 4136 amnis
472 4101 503 4133 en
515 4091 605 4134 mente

102 4155 229 4212 rollrrens,
247 4171 287 4203 cnr
306 4155 455 4230 inpositum
474 4159 530 4201 erat
545 4149 606 4200 Vel-

83 4173 279 4280 lhuned‘unum,
288 4219 386 4270 dicetur
397 4216 528 4294 hodieque
540 4218 572 4268 V
567 4217 606 4267 al-

85 4287 142 4336 laon
154 4307 175 4340 s.
188 4287 289 4339 Vallem
307 4303 388 4355 prerpe
403 4285 606 4336 Antisrodorum

85 4353 235 4418 (Auxerre),
244 4351 390 4404 inlertheie
399 4353 515 4422 positum
526 4352 606 4403 luisse

669 3275 907 3343 Vellaunodunum}
922 3276 1090 3331 D'Anvillius
1104 3287 1193 3332 eontra

669 3365 683 3398 e
701 3347 826 3398 distantia
850 3346 967 3397 locorum
990 3347 1058 3398 inter
1079 3349 1102 3398 A
1120 3347 1194 3398 edin·

670 3432 731 3465 eum
748 3423 774 3464 et
791 3411 823 3477 ers
847 3415 954 3464 nomine
972 3413 1047 3464 Villa
1069 3364 1150 3464 Belua
1167 3419 1200 3468 in,

668 3499 734 3550 page
760 3482 922 3545 Vastinemi,
941 3480 1011 3550 qnod
1038 3489 1195 3532 memoratur

670 3549 699 3600 in
708 3550 781 3599 Actis
789 3547 895 3599 concilii
900 3548 1096 3600 Aurelianensis
1104 3567 1126 3598 a.
1136 3554 1195 3604 862,

670 3615 744 3668 llucel
777 3615 847 3666 otius
866 3615 945 3666 fuisse
963 3615 1064 3666 Beuune
1075 3631 1105 3662 en
1119 3614 1195 3664 Gara·-

670 3686 735 3732 nois.
799 3681 861 3734 dem
885 3680 931 3735 illa
956 3679 1139 3732 dissertatione.
1157 3680 1195 3730 Le

611 3777 614 3784 ·
671 3747 738 3800 Beuf
752 3749 882 3818 oppidum
898 3745 1037 3800 Genabum
1062 3747 1197 3815 adsignare

671 3814 892 3876 studebat,loc0,
918 3817 962 3866 cui
990 3814 1076 3870 hodie,
1098 3831 1197 3864 nonren

673 3884 739 3934 Gien
756 3883 779 3934 le
797 3882 853 3933 viel.
871 3883 983 3942 Verum,
1001 3901 1027 3932 re
1044 3880 1196 3932 adcuratius

671 3950 804 4020 pensitato
823 3958 849 4000 ct
866 3947 976 4000 detectis
996 3947 1133 4000 Aureliani
1151 3965 1197 3998 ve-

673 4027 756 4072 terum
775 4035 908 4068 onimium
926 4013 1076 4074 ruderibus,
1095 4014 1197 4085 paline·

672 4083 744 4136 diam
773 4083 824 4136 sibi
854 4084 976 4138 cecinisse
1002 4090 1029 4134 et
1055 4082 1197 4134 Aureliano

674 4151 796 4203 tribuisse
809 4149 957 4209 Genabnm,
968 4151 1043 4202 testis
1055 4158 1094 4201 est
1105 4149 1198 4202 Schoe-

674 4217 787 4288 pllinus,
806 4219 851 4287 qui
869 4219 917 4270 hoc
935 4217 1055 4286 cxernplo
1073 4235 1121 4269 suo
1139 4234 1199 4284 ope·

674 4288 710 4402 pis
732 4285 794 4338 clar.
824 4285 861 4338 Le
883 4284 952 4337 Reus
971 4283 1136 4355 adscriptum
1159 4301 1197 4333 re·

686 4353 759 4422 iquit.
1166 4377 1169 4384 ·

183 4457 338 4528 CAESAR.
367 4453 560 4524 Commeat.
600 4453 709 4522 Tune.
738 4453 765 4524 l.
854 4464 866 4486 '
919 4445 954 4520 ll
973 4451 993 4519 h
