3040 5264
320 287 382 406 64

317 521 436 596 stibus
460 519 638 594 reddebat
663 525 721 607 et,
756 526 987 594 commeatus
1019 521 1066 593 ab
1102 521 1228 594 Remis
1253 519 1431 621 reliquis·

318 661 392 734 que
418 635 634 708 civitatibus
673 643 718 708 ut
755 637 832 708 sine
870 635 1035 734 periculo
1075 634 1121 706 ad
1161 659 1245 708 eum
1286 636 1429 732 portari

318 758 461 854 posset,
488 748 684 824 efficiebat.
711 753 752 824 ln
780 777 823 858 eo
849 749 1000 826 flumine
1020 775 1111 851 pons
1129 758 1221 826 erat.
1247 753 1301 826 Ibi
1322 779 1428 852 prae·

259 957 260 963 η
319 871 453 942 sidium
480 872 586 970 pouit
612 875 650 942 et
671 873 710 941 in
727 868 843 940 altera
863 875 966 968 parte
986 865 1147 940 fluminis
1174 872 1219 962 Q.
1239 870 1430 942 Titurium

320 985 529 1072 Sabinum,
553 984 767 1082 Legatum,
790 1007 877 1055 curn
903 1005 968 1056 sex
995 981 1212 1056 cohortibus
1252 981 1433 1080 reliquitt
1464 1033 1468 1042 ·

320 1107 443 1176 castra
467 1103 505 1174 in
533 1097 767 1172 altitudinem
795 1097 932 1194 pedum
967 1097 1164 1174 duodecim
1194 1097 1319 1189 vallo,
1354 1099 1433 1172 los-

320 1242 433 1315 saque
460 1215 714 1314 duodeviginti
742 1213 905 1314 pedum,
931 1217 1076 1289 munire
1103 1215 1221 1289 iubet.

373 1335 408 1406 6.
437 1333 493 1406 Ab
521 1333 576 1404 bis
602 1331 734 1406 castris
760 1329 937 1429 oppidum
955 1329 1182 1420 Remorum,
1199 1331 1349 1404 nornine
1367 1332 1434 1404 Bi·

321 1451 437 1539 brax,
461 1449 590 1522 aberat
615 1445 716 1518 milia
742 1470 917 1543 passuum
944 1447 1042 1520 VIII.
1069 1449 1112 1520 Id
1138 1473 1184 1521 ex
1202 1449 1334 1522 itinere
1352 1473 1434 1521 ma·

322 1589 398 1664 gno
423 1564 550 1658 inpetu
577 1559 711 1659 Belgae
727 1559 952 1660 :obpugnare
978 1569 1193 1660 coeperunt.
1237 1567 1359 1662 Aegre
1391 1585 1437 1633 eo

324 1679 384 1752 die
409 1683 660 1750 sustentatum
687 1683 756 1748 est.
783 1677 976 1750 Gallorum
1010 1680 1138 1752 eadem
1166 1687 1279 1778 atque
1305 1677 1437 1778 Belga·

323 1816 409 1866 rum
437 1791 665 1890 oppugnabo
691 1797 749 1870 est
765 1789 868 1865 baec.
894 1793 988 1883 Ubi,
1006 1795 1248 1867 circumiecta
1264 1792 1438 1866 multitu·

323 1907 410 1982 dine
438 1907 630 1980 bominum
658 1907 749 1980 totis
774 1909 994 1999 moenibus,
1034 1910 1197 2007 undique
1230 1909 1372 2008 lapides
1399 1911 1439 1982 in

324 2049 475 2098 murum
494 2023 564 2096 iaci
584 2023 706 2121 coepti
725 2029 813 2096 sunt
832 2048 1033 2124 murusque
1051 2027 1303 2102 defensoribus
1323 2027 1440 2100 nuda-

326 2143 388 2210 tus
414 2145 492 2220 est,
518 2137 703 2212 testudine
726 2137 827 2211 sarta
844 2146 970 2237 portas
987 2143 1193 2216 succedunt
1212 2165 1441 2237 murumque

326 2257 525 2332 subruunt.
551 2255 660 2348 Quod
680 2263 761 2328 tum
782 2255 887 2328 facile
906 2255 1030 2332 fiebat.
1070 2261 1185 2350 Nam,
1213 2283 1331 2358 quum
1359 2265 1445 2331 tan·

327 2377 369 2444 ta
395 2371 598 2444 multitudo
624 2369 763 2468 lapides
789 2395 833 2443 ac
858 2368 934 2445 tela
960 2374 1213 2463 coniicerent,
1251 2375 1290 2445 in
1330 2395 1444 2445 muro

329 2485 553 2560 consistendi
579 2491 746 2583 potestas
772 2492 853 2560 erat
879 2485 980 2560 nulli.
1025 2489 1152 2579 Quum
1179 2487 1291 2560 finem
1318 2485 1446 2584 obpu-

329 2601 465 2701 gnandi
493 2627 568 2674 uox
595 2601 760 2691 lecisset,
787 2603 906 2675 Iccius
932 2604 1091 2691 Remus,
1118 2627 1266 2676 summa
1306 2600 1446 2674 nobili-

330 2721 411 2788 tate
437 2723 477 2792 et
502 2722 620 2817 gratia
646 2717 744 2792 inter
769 2741 875 2807 suos,
902 2719 966 2815 qui
992 2725 1073 2792 tum
1100 2721 1236 2818 oppido
1256 2723 1448 2818 praeerat,

332 2853 429 2904 unus
455 2855 502 2905 ex
527 2834 607 2922 bis,
633 2835 696 2931 qui
722 2831 833 2933 legati
868 2832 913 2906 de
939 2857 1031 2932 pace
1065 2833 1113 2906 ad
1139 2835 1337 2908 Caesarem
1375 2855 1447 2904 ve-

332 2955 497 3040 nerant,
524 2933 689 3024 'nuncios
727 2949 775 3023 ad
814 2971 899 3022 eum
939 2949 1088 3042 mittit,
1127 2951 1196 3024 nisi
1236 2947 1449 3024 subsidium

680 315 736 378 DE
771 315 903 378 tutto
937 319 1058 380 butt..

365 3237 459 3296 posset.
477 3225 510 3278 al.
524 3239 637 3296 possent.

370 3294 482 3362 reliquit.
500 3292 534 3346 el.
552 3295 682 3362 relinquit.
742 3315 743 3318 ¹

369 3364 397 3412 tn
432 3362 600 3412 neruorum.
629 3361 712 3413 codd.
742 3368 770 3413 et
797 3357 856 3414 ald.

335 3435 388 3480 vet.
407 3427 435 3479 in
452 3429 595 3480 altitudine.
613 3427 666 3480 Sed
686 3428 756 3497 prior
772 3428 856 3480 forma

335 3503 427 3548 nostro
447 3507 475 3549 et
490 3497 549 3550 eliis
568 3497 739 3564 frequentior.
762 3495 803 3548 Cl.
824 3511 856 3554 r,

335 3561 612 3626 2·2,7.83,13.

921 3223 1005 3296 vulgg.
1033 3225 1153 3280 liabent:
1185 3223 1256 3276 Gall.
1281 3223 1337 3275 eorl.
1366 3235 1451 3291 atque

921 3294 994 3411 ea·
1007 3313 1062 3414 :n
1078 3305 1126 3411 rt·
1144 3287 1356 3410 tardes
1369 3289 1453 3411 bt

923 3426 1003 3480 babet
1027 3425 1189 3482 Flodoardus
1213 3425 1243 3478 in
1268 3423 1332 3478 bist.
1354 3423 1451 3478 eccles.

922 3497 1054 3630 R(illinitis,
1067 3513 1208 3614 buerunt.
1234 3555 1268 3612 al.
1283 3561 1376 3630 portis.
1395 3555 1454 3613 Sed

311 3643 314 3650 '
369 3631 542 3710 duodeviginti
568 3633 667 3698 pedum.
696 3627 857 3682 Steerecbius

337 3697 371 3750 ed
394 3699 535 3760 Vepetmm
558 3699 593 3758 3,
620 3703 642 3748 b.
662 3695 858 3750 rescribendum

338 3775 429 3817 censet
450 3765 521 3816 11111.
544 3784 576 3816 ex
597 3765 757 3835 praescripto
781 3767 858 3816 istius

336 3831 370 3883 de
384 3833 469 3902 inpari
481 3851 598 3885 numero.
611 3841 717 3890 lemme,
727 3850 774 3884 nee
786 3833 859 3883 euim

336 3895 418 3952 liuius
435 3901 515 3952 moris
531 3899 671 3952 observans
688 3900 782 3950 Caesar
797 3901 857 3950 suit.

337 3965 370 4015 V.
395 3983 425 4028 7,
449 3968 489 4020 36.
512 3984 552 4028 72·
571 3965 602 4018 C.
623 3988 655 4027 r,
674 3969 716 4016 6ι.
734 3968 775 4018 Cl.
793 3963 858 4018 obs.

338 4033 414 4084 misc.
431 4035 489 4084 crit.
507 4033 534 4084 in
552 4043 618 4086 auct.
638 4043 655 4086 t.
675 4039 698 4086 8.
716 4053 742 4104 p.
761 4031 828 4088 333.κ

372 4103 470 4148 minati-e
487 4101 561 4152 iubet.
580 4101 647 4154 Bene
664 4101 701 4155 sic
718 4098 864 4156 srrbeudito

339 4169 488 4218 accusative.
506 4187 638 4237 personne.

376 4233 513 4284 Gallorum
530 4261 562 4273 ·-
582 4232 639 4284 Ubi.
658 4231 697 4286 Ex
715 4231 860 4302 multiplici

338 4299 722 4353 varietateltctmtrisOudend.
736 4300 776 4361 ld,
807 4299 861 4352 uod

340 4366 370 4418 in
393 4375 467 4420 textu
491 4383 563 4421 uuus
587 4377 647 4430 est,
664 4357 770 4438 recepit.
788 4319 859 4422 ltdd.

924 3633 1086 3683 aecusativus
1103 3637 1171 3680 recte
1188 3648 1214 3680 se
1232 3623 1320 3679 babet.
1338 3625 1384 3680 sic
1408 3627 1453 3679 Si-

922 3695 976 3750 lius
992 3713 1041 3759 ιο,
1060 3700 1115 3763 596.
1131 3697 1259 3746 succedere
1275 3713 1371 3746 mur-os.
1387 3692 1452 3746 Lir.

925 3777 974 3825 22,
999 3769 1039 3818 28.
1064 3761 1194 3814 tonmlum.
1220 3761 1330 3814 'l'acitus
1348 3779 1382 3822 2,
1409 3777 1453 3813 ao.

924 3849 1042 3894 omnini,
1067 3829 1115 3882 ubi
1140 3825 1200 3882 vido
1228 3837 1320 3880 notate
1349 3837 1453 3880 nostre.

926 3897 996 3953 Male
1013 3900 1077 3950 olim
1096 3895 1231 3963 legebatur
1247 3894 1410 3948 succendunt.

958 3963 1046 4026 Nom,
1062 3983 1138 4042 quum
1155 3968 1311 4015 ooniioerent.
1326 3957 1454 4013 Veterem

925 4031 994 4086 banc
1017 4032 1157 4085 lectionem
1182 4031 1298 4082 restituit
1323 4023 1453 4080 Oudend.

924 4098 1058 4168 legebatur
1090 4099 1163 4153 ll'am
1198 4119 1230 4136 —u
1261 4097 1456 4156 coniieiebant,

926 4165 1023 4284 ⁶²}l⁵⁵.⁰
1041 4183 1127 4283 qppfm.
1165 4231 1180 4286 3
1207 4229 1244 4282 Μ

973 4252 1044 4284 osius.
1099 4251 1146 4284 ·e.
1183 4269 1189 4282 .
1243 4267 1250 4279 .

958 4305 1070 4351 rmncios.
1095 4295 1131 4350 ol.
1154 4303 1279 4349 nuncium.
1301 4289 1358 4352 Sed
1379 4301 1457 4370 patet

926 4383 959 4419 ex
975 4375 1047 4436 seqq.
1067 4361 1156 4440 plures
1177 4361 1266 4419 fuisse.
