3040 5264
342 319 402 416 60
705 357 759 416 oa
795 355 929 414 aneto
965 355 1086 418 cato.
1170 355 1175 362 ·

341 555 576 646 (litteratum,
594 561 725 636 contra
743 555 929 656 Populum
944 559 1157 636 Romanum
1178 553 1375 654 conjurare
1394 555 1457 632 ob·

340 675 509 772 sidesque
528 678 624 746 inter
642 699 679 746 se
700 673 811 744 dare:
840 675 1055 772 conjurandi
1084 673 1150 744 bas
1176 695 1252 744 esse
1280 696 1456 745 caussas:

340 795 528 890 primum,
553 791 652 888 quod
671 798 912 872 vererentur,
939 815 1009 878 ne,
1030 789 1132 860 omni
1152 795 1284 887 pacata
1305 789 1458 875 Gallia,

244 979 248 988 .
342 910 389 984 ad
417 933 479 982 eos
505 908 692 985 exercitus
718 913 845 977 noster
871 904 1146 980 adducereturr
1172 903 1326 994 deinde,
1352 906 1456 1003 quod

342 1027 388 1100 ab
418 1023 604 1098 nonnullis
632 1020 748 1096 Gallis
774 1020 1087 1110 sollicitarentur,
1114 1025 1250 1121 partim
1284 1024 1377 1118 qui,
1414 1029 1456 1095 ut

343 1139 550 1211 Germanos
568 1137 707 1210 diutius
723 1137 759 1208 in
775 1134 894 1212 Gallia
915 1136 1052 1208 versari
1073 1135 1289 1226 noluerant,
1312 1141 1370 1208 ita
1390 1137 1458 1209 Po·

341 1251 419 1354 puli
446 1252 606 1330 Romani
634 1253 842 1322 exercitum
861 1249 1023 1322 hiemare
1049 1255 1163 1348 atque
1182 1251 1455 1324 inveterascere

343 1369 403 1446 in'
424 1365 544 1440 Gallia
570 1365 724 1446 moleste
751 1365 948 1452 ferebantr
987 1367 1123 1464 partim
1139 1367 1212 1462 'qui
1242 1367 1452 1441 mobilitate

344 1491 383 1558 et
408 1483 564 1558 levitate
591 1482 705 1560 animi
724 1483 830 1553 novis
848 1483 1009 1578 imperiis
1028 1481 1254 1554 studebanta
1283 1483 1330 1554 ab
1360 1508 1457 1556 non·

343 1599 455 1674 nullis
480 1600 626 1688 etiam,
647 1597 746 1694 quod
773 1597 811 1670 in
844 1596 964 1668 Gallia
990 1624 1011 1668 a
1037 1599 1310 1705 potentioribus
1341 1609 1456 1698 atque

343 1719 432 1806 his,
458 1718 519 1813 qui
548 1715 594 1788 ad
622 1713 883 1788 conducendos
914 1702 1082 1784 homines
1115 1713 1312 1786 facultates
1348 1717 1459 1790 habe·

344 1831 456 1918 bant,
488 1828 601 1929 vulgo
636 1852 750 1927 regna
785 1829 1086 1926 occupabantur,
1108 1829 1171 1923 qui
1199 1829 1321 1900 minus
1348 1831 1459 1904 facile

345 1970 427 2020 eam
455 1945 598 2018 remia
626 1944 781 2042 imperio
809 1951 936 2016 nostro
963 1945 1139 2037 consequi
1167 1948 1355 2040 poterant.

398 2083 432 2129 2.
461 2059 507 2130 lis
535 2058 678 2130 nunciis
710 2057 917 2154 litterisque
952 2062 1165 2129 commotus
1203 2056 1339 2128 Caesar
1369 2056 1460 2128 duas

344 2173 506 2274 legiones
523 2177 561 2250 in
576 2175 747 2247 citeriore
767 2159 887 2245 Gallia
907 2196 1023 2244 novas
1042 2172 1285 2270 conscripsit,
1310 2178 1348 2245 et.
1369 2175 1461 2246 inita

346 2296 513 2380 aestate,
538 2291 576 2362 in
602 2290 815 2362 interiorem
832 2287 991 2360 Galliam
1008 2288 1071 2384 qui
1090 2285 1316 2376 deduceret,
1334 2289 1382 2378 Q.
1403 2288 1461 2370 Pe·

347 2406 451 2480 dium
472 2409 653 2506 Legatum
669 2405 783 2487 misit,
809 2405 914 2501 lpse,
935 2405 1227 2501 quamprimum
1247 2404 1374 2509 pabuli
1397 2429 1458 2476 co·

348 2521 407 2616 pia
434 2545 510 2592 esse
528 2522 733 2616 inciperet,
750 2518 797 2590 ad
815 2522 1022 2591 exercitum
1042 2521 1164 2589 venite
1183 2517 1247 2589 dat
1261 2523 1457 2618 negotium

348 2631 554 2710 Senonibus
593 2633 815 2730 reliquisque
860 2633 1005 2723 Gallis,
1044 2634 1107 2730 qni
1159 2633 1303 2706 finitimi
1338 2636 1459 2736 Belgis

349 2754 480 2836 terant,
507 2749 562 2834 uti
591 2772 658 2836 ea,
684 2771 779 2856 quae
794 2747 893 2844 apud
910 2771 972 2820 eos
993 2753 1195 2848 gerantur,
1227 2757 1459 2846 cognoscant

348 2883 459 2964 seque
486 2859 531 2945 de
558 2861 613 2934 bis
639 2863 750 2945 rebus
776 2863 974 2939 certiorem
1000 2863 1151 2946 faciant.
1176 2863 1224 2935 Hi
1241 2871 1460 2946 constanter

380 3082 538 3183 diberimus.
554 3121 596 3176 Cs.
615 3141 647 3182 r,
667 3141 688 3188 ι.
709 3120 751 3175 Μ.

379 3201 471 3250 pacata
489 3189 597 3248 Gallia,
617 3185 685 3257 qirae
708 3188 813 3257 proprie
830 3187 870 3240 di-

348 3255 430 3316 citur,
450 3275 464 3306 a
482 3255 567 3325 Belgis
583 3255 717 3318 distincta.
737 3255 801 3316 Ceti.
815 3253 869 3316 vid,

942 3121 1066 3190 ’azanim
1094 3125 1178 3190 &ipsus
1208 3123 1236 3174 in
1267 3121 1314 3186 Gt·
1348 3132 1421 3176 meta
1441 3141 1460 3185 r,

961 3207 1004 3238 nm
1029 3207 1091 3240 vcro
1109 3197 1217 3259 utraque
1235 3189 1313 3244 lectio
1332 3191 1360 3242 in
1383 3210 1398 3244 e
1435 3189 1460 3240 d.

937 3254 1060 3324 pluribus
1074 3258 1219 3334 reperiatur
1236 3259 1407 3329 promiscue,
1421 3258 1461 3308 vix

351 3339 382 3384 r,
405 3343 424 3376 ι.
446 3323 481 3372 Μ.
784 3379 787 3384 ,
958 3330 1027 3373 otest
1056 3322 1130 3384 dier,
1161 3331 1218 3375 utra
1248 3326 1333 3378 verior
1353 3327 1401 3377 sit.
1424 3323 1461 3373 M.

400 3394 444 3448 ui,
462 3403 490 3440 ru
509 3389 662 3440 Germanos.
679 3390 724 3444 Sic
740 3387 816 3440 codd.
843 3395 871 3439 et
937 3341 1026 3442 llum
1054 3390 1093 3450 3,
1122 3405 1146 3453 7.
1175 3395 1241 3450 inita
1270 3391 1359 3444 meme.
1390 3402 1419 3445 et
1435 3391 1461 3451 B.

937 3455 994 3508 Ast.
1013 3457 1052 3506 26.
1070 3469 1168 3508 aestate
1184 3461 1257 3509 raim.

348 3407 406 3519 edd.
427 3463 478 3518 vet.
502 3455 565 3521 iterp
589 3453 705 3514 Graccus
732 3455 787 3516 inte·
822 3473 869 3511 res.

253 3603 256 3608 ·
347 3588 367 3651 ti

346 3511 505 3576 particulam
518 3533 545 3573 ut
559 3521 626 3575 male
642 3523 793 3574 omissama
826 3539 870 3574 ca·

363 3608 448 3713 pern,
472 3587 623 3664 observavit
645 3589 664 3667 ¹:
688 3590 728 3668 Fr.
753 3581 869 3667 Gronov.

347 3655 720 3802 {attractant
736 3657 869 3783 tva.

348 3807 393 3844 src.
406 3793 443 3850 At
453 3789 531 3844 codd.
549 3789 615 3847 male
627 3791 770 3849 volrrerant.
782 3789 869 3860 Volgo

348 3856 455 3910 nollent.
474 3859 562 3910 minns
579 3857 654 3910 bene.

381 3925 413 3980 cb
429 3925 560 3986 noroautlis
577 3929 663 3986 etiam.
680 3923 801 3988 subaudi
818 3925 870 3987 rol·

348 3989 510 4043 licitamntur
526 3991 630 4062 Belgae.

382 4061 410 4119 in
437 4061 446 4108 i
455 4117 458 4124 ⁴
488 4063 544 4110 erio
577 4071 692 4124 nostro,
724 4058 870 4128 imperqnts

346 4121 718 4254 Plasbdositibb'dmcllobdiub}
731 4124 871 4258 ddellelrel

366 4257 391 4310 8.
437 4257 469 4309 cd
487 4258 531 4312 liic
552 4259 629 4314 codd·
659 4255 739 4312 multa
759 4267 787 4311 et
809 4257 869 4312 edd.

348 4333 400 4384 vet.
417 4323 524 4384 habant

382 4396 447 4456 arte
470 4404 575 4456 nestra.
601 4391 675 4462 Alii.
699 4396 822 4466 inmoto,
840 4399 871 4456 ut

954 3515 1125 3574 'interiorem
1145 3526 1189 3577 sie
1206 3543 1299 3577 omnes
1317 3525 1371 3576 sere
1384 3524 1459 3578 codd.

937 3598 965 3644 ut
988 3590 1047 3652 edd.
1072 3601 1136 3646 vett.
1166 3591 1219 3645 Sed
1247 3601 1384 3644 mutatum
1414 3592 1461 3646 boc

937 3665 977 3708 est
998 3658 1027 3708 iu
1049 3657 1207 3709 aleatorem.
1231 3659 1373 3711 Enimvero
1394 3664 1461 3710 inte·

937 3729 994 3774 rior
1023 3734 1064 3776 est
1090 3726 1097 3775 i
1119 3745 1146 3778 se
1169 3725 1214 3778 illa
1239 3727 1368 3777 ulter-ior:
1400 3743 1460 3783 nana

936 3789 1052 3844 altinas.
1071 3743 1182 3844 inlerius
1199 3793 1227 3844 iu
1245 3791 1362 3847 Gelliam
1380 3811 1461 3862 pene-

937 3866 1011 3919 trat,
1033 3859 1080 3929 qui
1106 3858 1256 3910 ulteriorem
1285 3859 1406 3912 Galliam
1430 3875 1459 3909 ex

937 3924 1014 3992 ltalia
1037 3925 1113 3979 adit:
1141 3925 1204 3990 bule
1227 3943 1304 3996 ergo,
1328 3945 1360 3978 ex
1387 3925 1460 3988 ltaliq

936 3993 1074 4051 venienti,
1097 3991 1141 4046 illa
1164 3991 1252 4048 Gallia
1273 4001 1315 4048 est
1342 3998 1460 4050 interior.

937 4057 1079 4138 Quidquid
1106 4069 1212 4120 autem,
1243 4069 1273 4112 ut
1302 4067 1400 4123 notum
1423 4067 1461 4112 est

936 4135 964 4176 et
988 4123 1111 4178 Davisius
1139 4127 1173 4180 ed
1201 4126 1228 4179 lr.
1254 4127 1272 4179 l.
1297 4145 1324 4179 re
1362 4129 1459 4193 tiit,a

937 4191 1035 4247 linibus
1065 4195 1191 4258 remotius
1221 4203 1281 4262 est,
1312 4196 1320 4245 i
1363 4194 1460 4246 dicitnr

937 4263 1064 4324 interino,
1083 4271 1114 4312 nt
1130 4264 1158 4312 in
1177 4261 1260 4314 Tacit.
1279 4261 1370 4314 Germ.
1392 4281 1414 4312 r.
1436 4266 1458 4310 5.

936 4329 1071 4378 nudares
1090 4329 1222 4396 Germani.
1240 4329 1282 4393 M.
1303 4328 1459 4396 Ulteliomtt

937 4393 1101 4476 preclcrcbat
1116 4393 1234 4459 Vossius.
