3032 5266
265 645 275 696 l

346 341 439 473 396
703 377 759 436 ns
793 375 927 438 uncto
962 378 1089 438 civim

344 577 464 650 nibus.
489 575 603 650 Cuius
620 573 785 652 adventu
805 579 996 666 nunciato,
1009 579 1052 650 L.
1066 575 1245 666 Plancus,
1261 576 1325 673 qui
1339 575 1446 680 legio·

342 695 450 768 nibus
475 701 672 792 praeerat,
697 695 903 767 necessaria
928 718 967 766 re
993 699 1176 782 coactus,
1199 691 1327 766 locum
1350 695 1446 792 capit

341 809 588 904 superiorem,
615 806 872 906 diversamque
899 811 1017 880 aciem
1043 807 1082 880 in
1109 806 1200 880 duas
1219 813 1345 905 partes
1364 833 1447 880 cun-

341 925 484 1012 stituit,
501 947 546 994 ne
564 923 611 994 ab
631 925 800 1020 equitatu
820 925 1081 996 circumveniri
1100 905 1235 1021 posset.
1262 925 1341 1010 lta,
1363 949 1447 998 con-

338 1065 485 1138 gressus
509 1042 626 1139 inpari
662 1063 838 1129 numero,
876 1063 1031 1149 magnos
1074 1041 1221 1136 inpetus
1259 1038 1448 1138 legionum

340 1159 601 1253 equitatusque
627 1157 796 1228 sustinet.
822 1157 1029 1230 Commisso
1053 1156 1101 1228 ab
1128 1157 1317 1254 equitibus
1348 1183 1450 1256 proc·

337 1265 408 1358 lio,
433 1273 537 1370 signa
564 1269 722 1343 duarum
746 1268 937 1368 legionum
960 1268 1092 1368 procul
1110 1271 1156 1342 ab
1176 1272 1346 1370 utrisque
1365 1297 1450 1346 con·

338 1385 572 1480 spiciuntur,
600 1407 692 1481 quas
717 1383 758 1460 C.
784 1384 920 1456 Fabius
947 1384 1121 1458 ulteriore
1147 1392 1261 1482 ponte
1286 1386 1450 1460 subsidio

318 1499 476 1572 nostris
502 1499 678 1587 miserat,
704 1499 912 1597 suspicatus
939 1497 1018 1570 fore
1045 1497 1108 1586 id,
1146 1499 1248 1595 quod
1282 1501 1451 1592 accidit,

341 1622 383 1688 ut
407 1617 532 1689 Duces
557 1617 855 1690 adversariorum
881 1617 1078 1690 occasione
1105 1622 1144 1690 et
1169 1617 1353 1696 beneficio
1379 1619 1451 1692 for·

338 1711 526 1808 tunae'ad
554 1737 699 1804 nostros
739 1730 1000 1830 obprimendos
1035 1737 1253 1810 uterentur:
1289 1755 1449 1828 quarum

337 1847 503 1923 adventu
528 1847 708 1946 proelium
736 1845 922 1924 dirimitur
947 1873 992 1922 ac
1011 1872 1096 1924 suas
1112 1855 1270 1947 uterque
1285 1850 1449 1950 legiones

337 1960 497 2040 reducit
511 1964 549 2034 in
576 1967 712 2038 castra.

388 2073 531 2162 41.Eo
558 2075 672 2148 biduo
698 2077 835 2168 Caesar
872 2073 961 2151 cum
999 2073 1186 2172 equitibus
1218 2078 1449 2173 nongentis,

337 2215 430 2288 quos
457 2191 526 2268 sihi
553 2191 734 2292 praesidio
761 2191 990 2290 reliquerat,
1028 2193 1066 2264 in
1106 2181 1230 2264 castra
1262 2181 1447 2288 pervenit.
1498 2253 1501 2260 .

336 2309 463 2392 Pons,
487 2317 551 2407 qui
578 2308 700 2382 fuerat
718 2314 941 2408 tempestate
957 2309 1214 2406 interruptus,
1232 2333 1348 2405 paene
1367 2320 1447 2385 erat

335 2427 523 2514 refectus3
563 2425 663 2500 hunc
698 2433 820 2504 noctu
859 2422 985 2524 perfici
1010 2424 1129 2498 iussit.
1155 2426 1261 2522 lpse,
1295 2429 1448 2525 cognita

335 2542 506 2618 locorum
533 2549 688 2630 natura,
715 2543 820 2640 ponti
846 2541 1051 2638 castrisque
1086 2539 1268 2638 praesidio
1295 2542 1349 2619 Vl
1386 2569 1447 2618 co-

335 2661 454 2734 hortis
479 2658 654 2754 relinquit
671 2664 782 2754 atque
800 2659 925 2734 omnia
941 2655 1219 2756 inpedimenta,
1237 2663 1277 2732 et
1294 2665 1447 2756 postero

269 2797 276 2812 ‘
336 2779 394 2852 die
420 2776 593 2851 omnibus
620 2773 753 2872 copiis,
779 2772 914 2872 triplici
940 2773 1125 2846 instructa
1151 2775 1256 2862 acie,
1283 2771 1332 2848 ad
1359 2777 1447 2852 ller-

336 2891 422 2965 dam
449 2889 695 2992 proficiscitur
720 2893 760 2960 et
785 2887 853 2960 sub
873 2887 1003 2960 castris
1021 2887 1163 2964 Afranii
1179 2890 1372 2964 constitit:
1392 2893 1447 2984 et',

334 3005 385 3078 ibi
412 3003 609 3102 paullisper
636 3003 704 3076 sub
731 3005 843 3076 armis
869 3007 1063 3086 moratus,
1090 2999 1182 3076 lacit
1208 3027 1329 3102 aequo
1360 3003 1447 3087 loco

334 3115 520 3217 pugnandi
545 3123 783 3216 potestatem.
809 3119 1000 3192 Potestate
1027 3113 1150 3208 lacta,
1175 3117 1350 3198 Afranius
1379 3145 1447 3196 co·

333 3236 411 3334 pias
437 3233 563 3308 educit
590 3236 691 3310 etin
719 3233 840 3308 medio
867 3231 961 3306 colle
987 3231 1056 3310 sub
1083 3237 1446 3316 castarconstituit.

306 3331 492 3442 'Caesar,
519 3351 582 3424 ubi
609 3351 807 3453 cognovit,
833 3375 899 3452 per
924 3348 1122 3424 Afranium
1140 3357 1261 3438 stare,
1281 3377 1358 3450 quo
1377 3356 1446 3426 mi·

361 3673 445 3726 divers
553 3699 586 3712 ·-
600 3672 737 3724 consueuit.
775 3669 850 3732 Idem
950 3674 997 3726 riti
1017 3673 1155 3744 pracsidio·
1196 3671 1252 3728 Alii
1275 3675 1325 3739 iti,
1350 3678 1446 3733 minus

328 3749 382 3800 est,
399 3760 427 3792 ac
444 3742 466 3790 si
503 3739 605 3792 ixisset:
624 3741 751 3790 &neruum
772 3745 850 3793 aciem
915 3739 991 3794 benc.
1500 3783 1501 3788 ,

328 3809 355 3858 in
371 3809 477 3858 diversis
488 3807 550 3858 locis
562 3810 703 3867 constituit,
716 3825 773 3866 seu,
784 3809 849 3859 duas
965 3825 1036 3860 acue.
1053 3803 1128 3878 Vulg.
1144 3825 1235 3878 neque,
1252 3817 1346 3864 contra
1362 3812 1444 3866 codd·
1500 3861 1501 3872 2

327 3879 392 3926 acies
409 3879 436 3924 in
453 3875 547 3926 duobus
564 3873 624 3926 toas
640 3876 778 3932 corutituit.
796 3875 834 3923 M.
914 3827 964 3925 df

361 3943 502 3994 Commisso
530 3942 561 3992 ab
588 3943 711 4008 equium
738 3941 847 4008 proelio.
948 3945 1071 3994 imtructa
1094 3945 1157 3994 acic.
1196 3939 1241 3994 Al.
1264 3955 1373 3998 structa
1407 3945 1442 3996 V.

327 4002 401 4078 Quid
414 4007 666 4070 hoclipmlc'ones
682 4025 787 4078 quoqne
820 4028 848 4060 u·
913 4005 984 4063 ond.
1002 4009 1035 4061 ad
1052 4007 1082 4072 3,
1101 4008 1141 4072 37.

325 4075 447 4191 qnabant.
465 4075 553 4144 ltaque
586 4075 687 4128 uriuius
704 4073 746 4126 vel
762 4026 849 4128 delsin-
945 4081 1066 4128 amente.
1106 4077 1150 4130 sie
1166 4075 1242 4130 codd.
1260 4076 1360 4130 Contra
1378 4077 1441 4138 edd,
1500 4079 1501 4090 ¹

345 4143 499 4192 umststuit
508 4143 539 4192 ad
550 4143 688 4208 equitibus,
700 4141 740 4194 vel
754 4141 848 4194 substi-
912 4151 977 4196 vctt.
994 4146 1118 4194 consistit.
1136 4143 1190 4197 sed
1207 4144 1328 4214 frequens
1341 4153 1383 4198 est
1394 4163 1440 4198 va-

326 4207 452 4260 tueudnm
469 4209 500 4258 ab
516 4212 639 4276 utrisque.
650 4209 726 4261 Mihi
742 4207 848 4262 videtur
912 4211 991 4262 riatio
1008 4211 1144 4290 temporis,

323 4279 452 4324 commisso
463 4275 495 4326 ab
506 4279 583 4342 equit.
592 4277 693 4342 proelio
705 4275 846 4346 significare
945 4278 989 4328 snt
1005 4292 1094 4329 armu.
1112 4277 1189 4339 Mox,
1207 4283 1235 4330 in
1251 4281 1340 4336 armis.
1358 4278 1402 4330 M.

324 4341 382 4392 dtur
399 4346 492 4407 equites
507 4342 670 4408 proeliantur
687 4345 837 4396 seiunctim.
943 4349 1082 4396 construit.
1099 4343 1167 4396 Beue
1184 4346 1222 4397 sic
1238 4343 1316 4396 codd.
1331 4353 1358 4394 ct
1375 4344 1440 4404 eald,

357 4409 478 4472 ulteriora
496 4409 652 4478 (superiore)
667 4423 754 4478 potua
772 4411 810 4462 M.
910 4419 975 4467 vett·
993 4411 1050 4466 Alii
1065 4415 1187 4468 consistit.
1202 4413 1267 4466 item
1278 4415 1403 4470 marutia,
