3068 5260
70 540 334 640 HENRICI
386 541 727 644 DODWELLI
781 547 1192 650 DISSERTATIO

358 787 485 904 DE
532 791 886 908 AVCTORE

152 1025 219 1086 uu.
236 1029 317 1082 0C'l'.
334 1029 381 1082 DE
398 1027 426 1080 Β.
445 1027 551 1084 unu..
568 1031 616 1084 ET
633 1029 737 1084 ALEX.
756 1033 867 1087 Arme.
884 1033 1005 1106 nTQvu
1024 1033 1110 1091 urst.

123 1409 267 1480 Auctor
291 1407 446 1506 Prologi
467 1407 517 1480 ad
539 1407 669 1482 librum
695 1409 739 1484 de
757 1411 858 1484 Bello
879 1409 1014 1486 Gallico
1038 1411 1070 1484 V
1069 1410 1139 1484 111.

178 1535 322 1608 Hirtius
346 1543 465 1634 polites
484 1537 604 1628 fiu'sse
629 1537 786 1656 uidetur,
811 1565 919 1638 quum
940 1537 1087 1638 Oppius.

72 1848 138 2016 Si
172 1937 322 2036 quidem
350 1945 451 2014 recte
480 1939 616 2014 babeat
645 1940 751 2016 locus
782 1942 971 2034 Suetonii,
997 1941 1073 2016 iam
1100 1947 1184 2016 tum

72 2073 287 2144 exstiterint
300 2077 449 2171 oportet
461 2069 543 2144 libri
559 2095 707 2160 onnies,
725 2095 817 2170 quos
834 2072 1031 2171 pollicetur
1048 2083 1184 2152 auctor

71 2197 222 2302 Prologi
250 2203 296 2274 ad
327 2202 461 2276 librum
491 2201 577 2274 belli
606 2199 737 2276 Gallici
769 2199 1080 2276 Vlllr'nondum
1114 2231 1186 2280 au-

71 2336 167 2421 tem,
196 2339 240 2406 ut
257 2333 426 2420 videtur,
452 2332 521 2405 sub
548 2333 697 2404 nomine
723 2331 805 2404 Iulii
833 2331 954 2420 Celsi,
979 2334 1043 2406 sed
1070 2329 1185 2432 oppii

71 2453 275 2530 dumtaxat
306 2466 344 2532 et
374 2461 512 2532 Hirtii:
535 2463 713 2556 erantque
744 2481 833 2532 sane
865 2457 976 2532 ambo
1012 2457 1063 2568 illi
1095 2459 1188 2532 Cae·

70 2593 159 2659 saris
197 2589 408 2664 familiares.
458 2591 535 2664 Cur
573 2597 701 2678 autem
734 2591 857 2690 Oppio
900 2591 1184 2682 tribuerentur,

71 2735 152 2786 eam
171 2741 341 2788 caussam
368 2720 457 2790 satis
483 2717 721 2790 verisimilem
750 2716 840 2790 mihi
873 2715 998 2788 videre
1030 2714 1184 2805 videor,

72 2839 168 2934 quod
188 2847 324 2915 auctor
341 2842 422 2934 ille,
441 2845 666 2942 quicumque
686 2844 842 2942 demum*
853 2844 886 2916 is
903 2843 1035 2934 fuerit,
1059 2840 1184 2914 Balbo
1278 2933 1285 2946 ι

71 2969 266 3071 prologum
298 2996 406 3046 suum
442 2973 829 3074 inscripserit·Erant
860 2973 959 3046 enim
990 2995 1082 3068 saine¹
1103 2971 1185 3068 op-

71 3097 151 3193 pius
182 3105 299 3198 atque
325 3101 461 3176 Balbus
493 3100 945 3200 necessitudinealiqna,
974 3125 1085 3200 qnam
1117 3124 1185 3172 ne-

71 3223 236 3318 scimus,
266 3233 310 3300 ut
339 3228 513 3320 videtur,
542 3231 705 3303 invicem
734 3227 1053 3302 coniunctissimi:
1085 3223 1184 3296 forte

72 3351 179 3426 olficii
212 3353 370 3430 alicuius
410 3381 567 3446 caussa,
600 3357 793 3456 utriusque
830 3379 941 3430 curae
977 3354 1180 3426 aCaesare

72 3484 210 3556 crediti.
244 3484 353 3557 Certe
386 3487 532 3584 utrique
565 3488 758 3586 inscriptas
785 3481 982 3558 nonnullas
1009 3478 1182 3580 epistulas

72 3613 236 3691 Caesaris
269 3618 450 3690 habemus
484 3617 666 3715 hodieque
703 3617 741 3689 in
777 3615 873 3689 libro
908 3613 1097 3688 Ciceronis
1134 3609 1180 3684 ad

72 3741 239 3817 Atticum
261 3745 323 3817 lX.
358 3747 407 3818 ut
433 3745 546 3818 libros
569 3747 679 3820 fuisse
705 3745 947 3845 epistolarum
964 3741 1011 3814 ad
1029 3748 1181 3814 utrum·
1254 3738 1259 3750 '

73 3886 161 3959 qne,
195 3869 309 3943 docet
345 3871 486 3946 Gellius
525 3873 568 3944 L.
596 3873 713 3948 xvu.
748 3873 861 3944 Noct.
887 3855 1004 3942 nuic.
1035 3890 1117 3964 cap.
1144 3889 1179 3962 9.

74 3995 131 4085 qui
163 3997 350 4070 rationem
376 3999 505 4091 addit,
542 4001 642 4099 qnod
677 4025 735 4076 res
767 4003 845 4074 eius
876 3997 1038 4072 absentis
1068 4020 1181 4070 cura-

73 4131 164 4196 rent.
183 4127 328 4201 Literas
347 4153 516 4218 curasse,
535 4130 646 4204 docet
663 4132 781 4204 Cicer.
799 4128 845 4204 ad
864 4110 993 4222 Quint.
1011 4126 1054 4200 fr.
1070 4150 1127 4225 ep.
1147 4153 1177 4198 ι.

76 4249 118 4323 Se
137 4263 265 4330 autem
284 4257 383 4334 bello
401 4259 654 4338 Alexandrino
673 4269 787 4362 atque
805 4261 980 4338 Africano
999 4257 1180 4346 abfuisse,

44 4377 197 4464 lubens
227 4394 399 4493 agnoscit
425 4391 574 4496 Prolngi
610 4397 757 4473 auctor.
813 4393 887 4470 Sed
918 4391 1083 4472 absentia
1116 4389 1178 4468 illa
