<?xml version="1.0" encoding="UTF-8"?>
<!DOCTYPE html PUBLIC "-//W3C//DTD XHTML 1.0 Transitional//EN"
    "http://www.w3.org/TR/xhtml1/DTD/xhtml1-transitional.dtd">
<html xmlns="http://www.w3.org/1999/xhtml" xml:lang="en" lang="en">
 <head>
  <title>
</title>
<meta http-equiv="Content-Type" content="text/html;charset=utf-8" />
  <meta name='ocr-system' content='tesseract 3.04.00' />
  <meta name='ocr-capabilities' content='ocr_page ocr_carea ocr_par ocr_line ocrx_word'/>
</head>
<body>
  <div class='ocr_page' id='page_1' title='image "./ciuliicaesarisc00cellgoog_0317.png"; bbox 0 0 2986 5268; ppageno 0'>
   <div class='ocr_carea' id='block_1_1' title="bbox 288 431 820 563">
    <p class='ocr_par' dir='ltr' id='par_1_1' title="bbox 288 431 820 563">
     <span class='ocr_line' id='line_1_1' title="bbox 288 431 820 563; baseline 0.011 -41"><span class='ocrx_word' id='word_1_1' title='bbox 288 458 365 525; x_wconf 85' lang='lat' dir='ltr'><strong>uu.</strong></span> <span class='ocrx_word' id='word_1_2' title='bbox 392 443 476 526; x_wconf 73' lang='lat' dir='ltr'><strong>inl.</strong></span> <span class='ocrx_word' id='word_1_3' title='bbox 514 459 606 526; x_wconf 80' lang='lat' dir='ltr'><strong>cnr.</strong></span> <span class='ocrx_word' id='word_1_4' title='bbox 643 431 820 563; x_wconf 74' lang='lat'><strong>46-49&#39;.</strong></span> 
     </span>
    </p>
   </div>
   <div class='ocr_carea' id='block_1_2' title="bbox 41 651 1207 4224">
    <p class='ocr_par' dir='ltr' id='par_1_2' title="bbox 42 651 1207 1457">
     <span class='ocr_line' id='line_1_2' title="bbox 46 651 1207 766; baseline 0.009 -28"><span class='ocrx_word' id='word_1_5' title='bbox 46 666 148 739; x_wconf 85' lang='lat' dir='ltr'><strong>inuris</strong></span> <span class='ocrx_word' id='word_1_6' title='bbox 163 689 227 765; x_wconf 87' lang='lat' dir='ltr'><strong>per</strong></span> <span class='ocrx_word' id='word_1_7' title='bbox 241 691 374 740; x_wconf 87' lang='lat' dir='ltr'><strong>manus</strong></span> <span class='ocrx_word' id='word_1_8' title='bbox 394 667 587 758; x_wconf 84' lang='lat' dir='ltr'><strong>demissae,</strong></span> <span class='ocrx_word' id='word_1_9' title='bbox 603 682 679 742; x_wconf 84' lang='lat' dir='ltr'><strong>sese</strong></span> <span class='ocrx_word' id='word_1_10' title='bbox 699 668 879 743; x_wconf 86' lang='lat' dir='ltr'><strong>militibus</strong></span> <span class='ocrx_word' id='word_1_11' title='bbox 894 651 1151 748; x_wconf 68' lang='lat' dir='ltr'><strong>transdebautt</strong></span> <span class='ocrx_word' id='word_1_12' title='bbox 1205 747 1207 766; x_wconf 73' lang='grc'><strong>,</strong></span> 
     </span>
     <span class='ocr_line' id='line_1_3' title="bbox 44 781 1152 886; baseline 0.01 -36"><span class='ocrx_word' id='word_1_13' title='bbox 44 782 81 850; x_wconf 89' lang='lat' dir='ltr'><strong>L.</strong></span> <span class='ocrx_word' id='word_1_14' title='bbox 107 783 265 871; x_wconf 82' lang='lat' dir='ltr'><strong>Fabius,</strong></span> <span class='ocrx_word' id='word_1_15' title='bbox 292 781 470 856; x_wconf 82' lang='lat' dir='ltr'><strong>Centurio</strong></span> <span class='ocrx_word' id='word_1_16' title='bbox 499 783 652 886; x_wconf 78' lang='lat' dir='ltr'>legionis</span> <span class='ocrx_word' id='word_1_17' title='bbox 678 785 787 875; x_wconf 89' lang='lat' dir='ltr'><strong>Vlll,</strong></span> <span class='ocrx_word' id='word_1_18' title='bbox 813 809 922 882; x_wconf 87' lang='lat' dir='ltr'><strong>quern</strong></span> <span class='ocrx_word' id='word_1_19' title='bbox 949 787 1048 860; x_wconf 85' lang='lat' dir='ltr'><strong>iuter</strong></span> <span class='ocrx_word' id='word_1_20' title='bbox 1065 807 1152 862; x_wconf 85' lang='lat' dir='ltr'><strong>suos</strong></span> 
     </span>
     <span class='ocr_line' id='line_1_4' title="bbox 45 892 1146 975; baseline 0.01 -11"><span class='ocrx_word' id='word_1_21' title='bbox 45 917 83 964; x_wconf 88' lang='lat' dir='ltr'><strong>eo</strong></span> <span class='ocrx_word' id='word_1_22' title='bbox 108 894 162 968; x_wconf 91' lang='lat' dir='ltr'><strong>die</strong></span> <span class='ocrx_word' id='word_1_23' title='bbox 188 892 321 968; x_wconf 77' lang='lat' dir='ltr'><strong>dixisse</strong></span> <span class='ocrx_word' id='word_1_24' title='bbox 355 899 554 971; x_wconf 78' lang='lat' dir='ltr'><strong>constabat</strong></span> <span class='ocrx_word' id='word_1_25' title='bbox 593 899 747 972; x_wconf 83' lang='lat' dir='ltr'><strong>excitari</strong></span> <span class='ocrx_word' id='word_1_26' title='bbox 774 923 812 972; x_wconf 88' lang='lat' dir='ltr'><strong>se</strong></span> <span class='ocrx_word' id='word_1_27' title='bbox 857 899 1146 975; x_wconf 72' lang='lat' dir='ltr'><strong>Avaricensibus</strong></span> 
     </span>
     <span class='ocr_line' id='line_1_5' title="bbox 45 1003 1153 1116; baseline 0.007 -34"><span class='ocrx_word' id='word_1_28' title='bbox 45 1011 227 1108; x_wconf 83' lang='lat' dir='ltr'><strong>praemiis,</strong></span> <span class='ocrx_word' id='word_1_29' title='bbox 257 1035 374 1109; x_wconf 90' lang='lat' dir='ltr'><strong>neque</strong></span> <span class='ocrx_word' id='word_1_30' title='bbox 403 1003 715 1103; x_wconf 79' lang='lat' dir='ltr'><strong>cornmissdront,</strong></span> <span class='ocrx_word' id='word_1_31' title='bbox 751 1021 795 1088; x_wconf 77' lang='lat' dir='ltr'><strong>ut</strong></span> <span class='ocrx_word' id='word_1_32' title='bbox 827 1017 927 1116; x_wconf 89' lang='lat' dir='ltr'><strong>prius</strong></span> <span class='ocrx_word' id='word_1_33' title='bbox 954 1017 1153 1113; x_wconf 85' lang='lat' dir='ltr'><strong>quisquam</strong></span> 
     </span>
     <span class='ocr_line' id='line_1_6' title="bbox 43 1125 1152 1228; baseline 0.012 -34"><span class='ocrx_word' id='word_1_34' title='bbox 43 1145 183 1196; x_wconf 88' lang='lat' dir='ltr'><strong>murum</strong></span> <span class='ocrx_word' id='word_1_35' title='bbox 216 1125 481 1218; x_wconf 74' lang='lat' dir='ltr'><strong>adscenderet,</strong></span> <span class='ocrx_word' id='word_1_36' title='bbox 517 1135 592 1200; x_wconf 90' lang='lat' dir='ltr'><strong>tres</strong></span> <span class='ocrx_word' id='word_1_37' title='bbox 619 1149 705 1200; x_wconf 87' lang='lat' dir='ltr'><strong>suos</strong></span> <span class='ocrx_word' id='word_1_38' title='bbox 732 1137 864 1202; x_wconf 82' lang='lat' dir='ltr'><strong>nactus</strong></span> <span class='ocrx_word' id='word_1_39' title='bbox 899 1131 1152 1228; x_wconf 81' lang='lat' dir='ltr'><strong>manipulares</strong></span> 
     </span>
     <span class='ocr_line' id='line_1_7' title="bbox 43 1237 1151 1346; baseline 0.013 -40"><span class='ocrx_word' id='word_1_40' title='bbox 43 1244 146 1333; x_wconf 86' lang='lat' dir='ltr'><strong>atque</strong></span> <span class='ocrx_word' id='word_1_41' title='bbox 172 1237 218 1309; x_wconf 90' lang='lat' dir='ltr'><strong>ab</strong></span> <span class='ocrx_word' id='word_1_42' title='bbox 247 1237 290 1310; x_wconf 88' lang='lat' dir='ltr'><strong>iis</strong></span> <span class='ocrx_word' id='word_1_43' title='bbox 316 1241 533 1312; x_wconf 87' lang='lat' dir='ltr'><strong>sublevatus</strong></span> <span class='ocrx_word' id='word_1_44' title='bbox 562 1261 711 1314; x_wconf 89' lang='lat' dir='ltr'><strong>murum</strong></span> <span class='ocrx_word' id='word_1_45' title='bbox 740 1241 942 1315; x_wconf 88' lang='lat' dir='ltr'><strong>adscendit.</strong></span> <span class='ocrx_word' id='word_1_46' title='bbox 969 1245 1044 1316; x_wconf 90' lang='lat' dir='ltr'><strong>Eos</strong></span> <span class='ocrx_word' id='word_1_47' title='bbox 1072 1247 1151 1346; x_wconf 87' lang='lat' dir='ltr'><strong>ipse</strong></span> 
     </span>
     <span class='ocr_line' id='line_1_8' title="bbox 42 1349 1019 1457; baseline 0.008 -36"><span class='ocrx_word' id='word_1_48' title='bbox 42 1373 158 1423; x_wconf 87' lang='lat' dir='ltr'><strong>rursus</strong></span> <span class='ocrx_word' id='word_1_49' title='bbox 184 1349 348 1451; x_wconf 83' lang='lat' dir='ltr'><strong>singulos</strong></span> <span class='ocrx_word' id='word_1_50' title='bbox 375 1365 611 1457; x_wconf 68' lang='lat' dir='ltr'><strong>exceptans,</strong></span> <span class='ocrx_word' id='word_1_51' title='bbox 627 1359 664 1428; x_wconf 94' lang='lat' dir='ltr'><strong>iu</strong></span> <span class='ocrx_word' id='word_1_52' title='bbox 693 1379 843 1429; x_wconf 90' lang='lat' dir='ltr'><strong>rnurum</strong></span> <span class='ocrx_word' id='word_1_53' title='bbox 871 1355 1019 1429; x_wconf 86' lang='lat' dir='ltr'><strong>extulit.</strong></span> 
     </span>
    </p>

    <p class='ocr_par' dir='ltr' id='par_1_3' title="bbox 41 1455 1179 3186">
     <span class='ocr_line' id='line_1_9' title="bbox 88 1455 1154 1569; baseline 0.006 -31"><span class='ocrx_word' id='word_1_54' title='bbox 88 1467 160 1550; x_wconf 61' lang='lat' dir='ltr'><strong>dliv</strong></span> <span class='ocrx_word' id='word_1_55' title='bbox 174 1455 328 1552; x_wconf 83' lang='lat' dir='ltr'><strong>luterirn</strong></span> <span class='ocrx_word' id='word_1_56' title='bbox 355 1470 378 1540; x_wconf 94' lang='lat' dir='ltr'><strong>ii</strong></span> <span class='ocrx_word' id='word_1_57' title='bbox 396 1505 417 1559; x_wconf 96' lang='lat'><strong>,·</strong></span> <span class='ocrx_word' id='word_1_58' title='bbox 433 1471 495 1568; x_wconf 81' lang='lat' dir='ltr'><strong>qui</strong></span> <span class='ocrx_word' id='word_1_59' title='bbox 524 1471 569 1544; x_wconf 91' lang='lat' dir='ltr'><strong>ad</strong></span> <span class='ocrx_word' id='word_1_60' title='bbox 598 1470 755 1543; x_wconf 84' lang='lat' dir='ltr'><strong>alteram</strong></span> <span class='ocrx_word' id='word_1_61' title='bbox 782 1477 925 1569; x_wconf 86' lang='lat' dir='ltr'><strong>partem</strong></span> <span class='ocrx_word' id='word_1_62' title='bbox 948 1469 1091 1569; x_wconf 77' lang='lat' dir='ltr'><strong>oppidi,</strong></span> <span class='ocrx_word' id='word_1_63' title='bbox 1110 1473 1154 1546; x_wconf 87' lang='lat' dir='ltr'><strong>ut</strong></span> 
     </span>
     <span class='ocr_line' id='line_1_10' title="bbox 43 1579 1155 1676; baseline 0.007 -28"><span class='ocrx_word' id='word_1_64' title='bbox 43 1600 143 1674; x_wconf 85' lang='lat' dir='ltr'><strong>supra</strong></span> <span class='ocrx_word' id='word_1_65' title='bbox 170 1579 537 1676; x_wconf 85' lang='lat' dir='ltr'><strong>demonstravimus,</strong></span> <span class='ocrx_word' id='word_1_66' title='bbox 568 1587 784 1658; x_wconf 85' lang='lat' dir='ltr'><strong>munitionis</strong></span> <span class='ocrx_word' id='word_1_67' title='bbox 812 1591 941 1657; x_wconf 81' lang='lat' dir='ltr'><strong>caussa</strong></span> <span class='ocrx_word' id='word_1_68' title='bbox 969 1599 1155 1657; x_wconf 85' lang='lat' dir='ltr'><strong>convene-</strong></span> 
     </span>
     <span class='ocr_line' id='line_1_11' title="bbox 42 1697 1151 1794; baseline 0.007 -32"><span class='ocrx_word' id='word_1_69' title='bbox 42 1701 137 1780; x_wconf 72' lang='lat' dir='ltr'><strong>rant,</strong></span> <span class='ocrx_word' id='word_1_70' title='bbox 165 1697 285 1792; x_wconf 86' lang='lat' dir='ltr'><strong>primo</strong></span> <span class='ocrx_word' id='word_1_71' title='bbox 313 1702 489 1772; x_wconf 83' lang='lat' dir='ltr'><strong>exauditu</strong></span> <span class='ocrx_word' id='word_1_72' title='bbox 516 1699 707 1788; x_wconf 89' lang='lat' dir='ltr'><strong>clamore,</strong></span> <span class='ocrx_word' id='word_1_73' title='bbox 733 1699 818 1772; x_wconf 88' lang='lat' dir='ltr'><strong>inde</strong></span> <span class='ocrx_word' id='word_1_74' title='bbox 857 1702 969 1794; x_wconf 84' lang='lat' dir='ltr'><strong>etiarn</strong></span> <span class='ocrx_word' id='word_1_75' title='bbox 1011 1697 1151 1772; x_wconf 79' lang='lat' dir='ltr'><strong>crebris</strong></span> 
     </span>
     <span class='ocr_line' id='line_1_12' title="bbox 41 1811 1153 1912; baseline 0.006 -37"><span class='ocrx_word' id='word_1_76' title='bbox 41 1811 176 1880; x_wconf 84' lang='lat' dir='ltr'><strong>nunciis</strong></span> <span class='ocrx_word' id='word_1_77' title='bbox 202 1811 375 1902; x_wconf 85' lang='lat' dir='ltr'><strong>incitati,</strong></span> <span class='ocrx_word' id='word_1_78' title='bbox 402 1814 579 1912; x_wconf 87' lang='lat' dir='ltr'><strong>oppidum</strong></span> <span class='ocrx_word' id='word_1_79' title='bbox 609 1816 656 1887; x_wconf 85' lang='lat' dir='ltr'><strong>ab</strong></span> <span class='ocrx_word' id='word_1_80' title='bbox 683 1816 863 1887; x_wconf 84' lang='lat' dir='ltr'><strong>Rornauis</strong></span> <span class='ocrx_word' id='word_1_81' title='bbox 881 1812 1018 1895; x_wconf 86' lang='lat' dir='ltr'><strong>teneri,</strong></span> <span class='ocrx_word' id='word_1_82' title='bbox 1048 1825 1153 1910; x_wconf 54' lang='lat' dir='ltr'><strong>prae*</strong></span> 
     </span>
     <span class='ocr_line' id='line_1_13' title="bbox 43 1925 1154 2030; baseline 0.007 -37"><span class='ocrx_word' id='word_1_83' title='bbox 43 1925 150 1998; x_wconf 87' lang='lat' dir='ltr'><strong>missis</strong></span> <span class='ocrx_word' id='word_1_84' title='bbox 176 1929 393 2024; x_wconf 87' lang='lat' dir='ltr'><strong>equitibus,</strong></span> <span class='ocrx_word' id='word_1_85' title='bbox 420 1951 558 2030; x_wconf 84' lang='lat' dir='ltr'><strong>magno</strong></span> <span class='ocrx_word' id='word_1_86' title='bbox 586 1945 771 2003; x_wconf 85' lang='lat' dir='ltr'><strong>concursu</strong></span> <span class='ocrx_word' id='word_1_87' title='bbox 800 1951 843 2001; x_wconf 87' lang='lat' dir='ltr'><strong>eo</strong></span> <span class='ocrx_word' id='word_1_88' title='bbox 864 1927 1154 2001; x_wconf 66' lang='lat' dir='ltr'><strong>contenderunta</strong></span> 
     </span>
     <span class='ocr_line' id='line_1_14' title="bbox 42 2041 1179 2146; baseline 0.004 -34"><span class='ocrx_word' id='word_1_89' title='bbox 42 2041 173 2116; x_wconf 84' lang='lat' dir='ltr'><strong>Eorum</strong></span> <span class='ocrx_word' id='word_1_90' title='bbox 203 2050 245 2116; x_wconf 85' lang='lat' dir='ltr'><strong>ut</strong></span> <span class='ocrx_word' id='word_1_91' title='bbox 271 2047 426 2142; x_wconf 84' lang='lat' dir='ltr'><strong>quisque</strong></span> <span class='ocrx_word' id='word_1_92' title='bbox 453 2050 594 2146; x_wconf 87' lang='lat' dir='ltr'><strong>primos</strong></span> <span class='ocrx_word' id='word_1_93' title='bbox 631 2051 815 2132; x_wconf 81' lang='lat' dir='ltr'><strong>venerat,</strong></span> <span class='ocrx_word' id='word_1_94' title='bbox 840 2045 908 2116; x_wconf 85' lang='lat' dir='ltr'><strong>sob</strong></span> <span class='ocrx_word' id='word_1_95' title='bbox 936 2067 1045 2116; x_wconf 91' lang='lat' dir='ltr'><strong>rnuro</strong></span> <span class='ocrx_word' id='word_1_96' title='bbox 1065 2068 1179 2116; x_wconf 89' lang='lat' dir='ltr'><strong>con--</strong></span> 
     </span>
     <span class='ocr_line' id='line_1_15' title="bbox 43 2155 1151 2260; baseline 0.008 -37"><span class='ocrx_word' id='word_1_97' title='bbox 43 2155 187 2229; x_wconf 86' lang='lat' dir='ltr'><strong>sistebat</strong></span> <span class='ocrx_word' id='word_1_98' title='bbox 214 2171 441 2258; x_wconf 81' lang='lat' dir='ltr'><strong>suorumque</strong></span> <span class='ocrx_word' id='word_1_99' title='bbox 470 2161 717 2260; x_wconf 84' lang='lat' dir='ltr'><strong>pugnantium</strong></span> <span class='ocrx_word' id='word_1_100' title='bbox 752 2177 948 2231; x_wconf 85' lang='lat' dir='ltr'><strong>numerum</strong></span> <span class='ocrx_word' id='word_1_101' title='bbox 977 2157 1151 2256; x_wconf 68' lang='lat' dir='ltr'><strong>augebat</strong></span> 
     </span>
     <span class='ocr_line' id='line_1_16' title="bbox 44 2275 1151 2378; baseline 0.001 -33"><span class='ocrx_word' id='word_1_102' title='bbox 44 2275 204 2363; x_wconf 81' lang='lat' dir='ltr'><strong>Quorum</strong></span> <span class='ocrx_word' id='word_1_103' title='bbox 232 2299 349 2374; x_wconf 87' lang='lat' dir='ltr'><strong>quum</strong></span> <span class='ocrx_word' id='word_1_104' title='bbox 375 2303 510 2378; x_wconf 87' lang='lat' dir='ltr'><strong>magua</strong></span> <span class='ocrx_word' id='word_1_105' title='bbox 538 2275 741 2350; x_wconf 87' lang='lat' dir='ltr'><strong>multitudo</strong></span> <span class='ocrx_word' id='word_1_106' title='bbox 768 2276 1026 2362; x_wconf 88' lang='lat' dir='ltr'><strong>convenisset,</strong></span> <span class='ocrx_word' id='word_1_107' title='bbox 1066 2289 1151 2347; x_wconf 74' lang='lat' dir='ltr'><strong>nra-2</strong></span> 
     </span>
     <span class='ocr_line' id='line_1_17' title="bbox 45 2391 1152 2492; baseline 0.005 -36"><span class='ocrx_word' id='word_1_108' title='bbox 45 2393 110 2462; x_wconf 88' lang='lat' dir='ltr'><strong>tres</strong></span> <span class='ocrx_word' id='word_1_109' title='bbox 137 2392 320 2484; x_wconf 89' lang='lat' dir='ltr'><strong>familiae,</strong></span> <span class='ocrx_word' id='word_1_110' title='bbox 346 2417 440 2492; x_wconf 86' lang='lat' dir='ltr'><strong>quae</strong></span> <span class='ocrx_word' id='word_1_111' title='bbox 468 2393 591 2492; x_wconf 89' lang='lat' dir='ltr'><strong>paullo</strong></span> <span class='ocrx_word' id='word_1_112' title='bbox 618 2399 705 2465; x_wconf 90' lang='lat' dir='ltr'><strong>ante</strong></span> <span class='ocrx_word' id='word_1_113' title='bbox 749 2391 929 2466; x_wconf 84' lang='lat' dir='ltr'><strong>Romanis</strong></span> <span class='ocrx_word' id='word_1_114' title='bbox 969 2391 1014 2464; x_wconf 88' lang='lat' dir='ltr'><strong>de</strong></span> <span class='ocrx_word' id='word_1_115' title='bbox 1039 2409 1152 2462; x_wconf 82' lang='lat' dir='ltr'><strong>muro</strong></span> 
     </span>
     <span class='ocr_line' id='line_1_18' title="bbox 47 2504 1152 2592; baseline 0.005 -20"><span class='ocrx_word' id='word_1_116' title='bbox 47 2525 169 2580; x_wconf 88' lang='lat' dir='ltr'><strong>mauus</strong></span> <span class='ocrx_word' id='word_1_117' title='bbox 196 2507 426 2592; x_wconf 81' lang='lat' dir='ltr'><strong>tendebant,</strong></span> <span class='ocrx_word' id='word_1_118' title='bbox 462 2527 547 2580; x_wconf 87' lang='lat' dir='ltr'><strong>suos</strong></span> <span class='ocrx_word' id='word_1_119' title='bbox 574 2507 753 2580; x_wconf 82' lang='lat' dir='ltr'><strong>obtestari</strong></span> <span class='ocrx_word' id='word_1_120' title='bbox 795 2513 834 2580; x_wconf 82' lang='lat' dir='ltr'><strong>et</strong></span> <span class='ocrx_word' id='word_1_121' title='bbox 868 2529 971 2578; x_wconf 87' lang='lat' dir='ltr'><strong>more</strong></span> <span class='ocrx_word' id='word_1_122' title='bbox 1008 2504 1152 2578; x_wconf 85' lang='lat' dir='ltr'><strong>Gallico</strong></span> 
     </span>
     <span class='ocr_line' id='line_1_19' title="bbox 43 2593 1149 2724; baseline 0.002 -33"><span class='ocrx_word' id='word_1_123' title='bbox 43 2641 180 2717; x_wconf 82' lang='lat' dir='ltr'><strong>passum</strong></span> <span class='ocrx_word' id='word_1_124' title='bbox 210 2593 385 2724; x_wconf 71' lang='lat' dir='ltr'><strong>c&#39;apilluin</strong></span> <span class='ocrx_word' id='word_1_125' title='bbox 404 2630 589 2698; x_wconf 84' lang='lat' dir='ltr'><strong>ostentare</strong></span> <span class='ocrx_word' id='word_1_126' title='bbox 603 2623 811 2722; x_wconf 86' lang='lat' dir='ltr'><strong>liberosque</strong></span> <span class='ocrx_word' id='word_1_127' title='bbox 839 2623 875 2694; x_wconf 94' lang='lat' dir='ltr'><strong>in</strong></span> <span class='ocrx_word' id='word_1_128' title='bbox 904 2630 1149 2720; x_wconf 86' lang='lat' dir='ltr'><strong>conspectum</strong></span> 
     </span>
     <span class='ocr_line' id='line_1_20' title="bbox 45 2735 1148 2840; baseline 0.002 -35"><span class='ocrx_word' id='word_1_129' title='bbox 45 2738 203 2830; x_wconf 85' lang='lat' dir='ltr'><strong>proferre</strong></span> <span class='ocrx_word' id='word_1_130' title='bbox 229 2746 446 2840; x_wconf 87' lang='lat' dir='ltr'><strong>coeperunt.</strong></span> <span class='ocrx_word' id='word_1_131' title='bbox 471 2741 563 2813; x_wconf 78' lang='lat' dir='ltr'><strong>llrat</strong></span> <span class='ocrx_word' id='word_1_132' title='bbox 589 2741 767 2812; x_wconf 83' lang='lat' dir='ltr'><strong>Romanis</strong></span> <span class='ocrx_word' id='word_1_133' title='bbox 786 2749 853 2810; x_wconf 88' lang='lat' dir='ltr'><strong>nee</strong></span> <span class='ocrx_word' id='word_1_134' title='bbox 872 2735 976 2824; x_wconf 88' lang='lat' dir='ltr'><strong>loco,</strong></span> <span class='ocrx_word' id='word_1_135' title='bbox 995 2759 1062 2808; x_wconf 91' lang='lat' dir='ltr'><strong>nec</strong></span> <span class='ocrx_word' id='word_1_136' title='bbox 1082 2760 1148 2807; x_wconf 91' lang='lat' dir='ltr'><strong>nu·</strong></span> 
     </span>
     <span class='ocr_line' id='line_1_21' title="bbox 45 2851 1156 2951; baseline 0.002 -31"><span class='ocrx_word' id='word_1_137' title='bbox 45 2870 156 2941; x_wconf 89' lang='lat' dir='ltr'><strong>mero,</strong></span> <span class='ocrx_word' id='word_1_138' title='bbox 172 2873 292 2951; x_wconf 87' lang='lat' dir='ltr'><strong>aequa</strong></span> <span class='ocrx_word' id='word_1_139' title='bbox 315 2856 528 2928; x_wconf 67' lang='lat' dir='ltr'><strong>contentio}</strong></span> <span class='ocrx_word' id='word_1_140' title='bbox 548 2855 679 2944; x_wconf 86' lang='lat' dir='ltr'><strong>simul,</strong></span> <span class='ocrx_word' id='word_1_141' title='bbox 697 2860 736 2927; x_wconf 84' lang='lat' dir='ltr'><strong>&#39;et</strong></span> <span class='ocrx_word' id='word_1_142' title='bbox 758 2871 870 2926; x_wconf 86' lang='lat' dir='ltr'><strong>cursu</strong></span> <span class='ocrx_word' id='word_1_143' title='bbox 888 2859 927 2928; x_wconf 91' lang='lat' dir='ltr'><strong>et</strong></span> <span class='ocrx_word' id='word_1_144' title='bbox 945 2851 1065 2949; x_wconf 88' lang='lat' dir='ltr'><strong>spatio</strong></span> <span class='ocrx_word' id='word_1_145' title='bbox 1084 2863 1156 2948; x_wconf 52' lang='lat' dir='ltr'><strong>pu*</strong></span> 
     </span>
     <span class='ocr_line' id='line_1_22' title="bbox 46 2969 1155 3072; baseline 0.002 -34"><span class='ocrx_word' id='word_1_146' title='bbox 46 2987 130 3064; x_wconf 77' lang='lat' dir='ltr'><strong>gnae</strong></span> <span class='ocrx_word' id='word_1_147' title='bbox 157 2970 381 3072; x_wconf 84' lang='lat' dir='ltr'><strong>defatigati,</strong></span> <span class='ocrx_word' id='word_1_148' title='bbox 407 2982 481 3045; x_wconf 85' lang='lat' dir='ltr'><strong>ndu</strong></span> <span class='ocrx_word' id='word_1_149' title='bbox 510 2971 617 3045; x_wconf 85' lang='lat' dir='ltr'><strong>facile</strong></span> <span class='ocrx_word' id='word_1_150' title='bbox 644 2977 811 3045; x_wconf 85' lang='lat' dir='ltr'><strong>recentes</strong></span> <span class='ocrx_word' id='word_1_151' title='bbox 838 2976 952 3068; x_wconf 84' lang='lat' dir='ltr'><strong>atque</strong></span> <span class='ocrx_word' id='word_1_152' title='bbox 989 2969 1155 3068; x_wconf 82' lang='lat' dir='ltr'><strong>integros</strong></span> 
     </span>
     <span class='ocr_line' id='line_1_23' title="bbox 47 3085 1154 3186; baseline 0.017 -36"><span class='ocrx_word' id='word_1_153' title='bbox 47 3085 284 3158; x_wconf 84' lang='lat' dir='ltr'><strong>sustinebant.</strong></span> <span class='ocrx_word' id='word_1_154' title='bbox 667 3177 671 3186; x_wconf 22' lang='grc' dir='ltr'><strong>Δ</strong></span> <span class='ocrx_word' id='word_1_155' title='bbox 1143 3153 1154 3166; x_wconf 55' lang='grc'><strong>.,</strong></span> 
     </span>
    </p>

    <p class='ocr_par' dir='ltr' id='par_1_4' title="bbox 46 3195 1158 4224">
     <span class='ocr_line' id='line_1_24' title="bbox 91 3195 1158 3298; baseline -0.003 -30"><span class='ocrx_word' id='word_1_156' title='bbox 91 3202 150 3294; x_wconf 71' lang='grc'><strong>49.</strong></span> <span class='ocrx_word' id='word_1_157' title='bbox 176 3201 338 3292; x_wconf 77' lang='lat' dir='ltr'><strong>Caesar,</strong></span> <span class='ocrx_word' id='word_1_158' title='bbox 365 3207 480 3298; x_wconf 81' lang='lat' dir='ltr'><strong>quum</strong></span> <span class='ocrx_word' id='word_1_159' title='bbox 508 3199 636 3298; x_wconf 86' lang='lat' dir='ltr'><strong>iniqdo</strong></span> <span class='ocrx_word' id='word_1_160' title='bbox 661 3195 746 3272; x_wconf 90' lang='lat' dir='ltr'><strong>loco</strong></span> <span class='ocrx_word' id='word_1_161' title='bbox 773 3197 930 3297; x_wconf 84' lang='lat' dir='ltr'><strong>pugnari</strong></span> <span class='ocrx_word' id='word_1_162' title='bbox 969 3195 1158 3268; x_wconf 52' lang='lat' dir='ltr'><strong>bostium*</strong></span> 
     </span>
     <span class='ocr_line' id='line_1_25' title="bbox 47 3307 1152 3414; baseline -0.002 -34"><span class='ocrx_word' id='word_1_163' title='bbox 47 3332 110 3403; x_wconf 88' lang='lat' dir='ltr'><strong>que</strong></span> <span class='ocrx_word' id='word_1_164' title='bbox 137 3316 264 3414; x_wconf 79' lang='lat' dir='ltr'><strong>augeri</strong></span> <span class='ocrx_word' id='word_1_165' title='bbox 291 3317 417 3414; x_wconf 89' lang='lat' dir='ltr'><strong>copias</strong></span> <span class='ocrx_word' id='word_1_166' title='bbox 444 3315 609 3402; x_wconf 85' lang='lat' dir='ltr'><strong>videret,</strong></span> <span class='ocrx_word' id='word_1_167' title='bbox 635 3319 896 3414; x_wconf 81' lang='lat' dir='ltr'><strong>praemetuens</strong></span> <span class='ocrx_word' id='word_1_168' title='bbox 922 3313 1017 3399; x_wconf 88' lang='lat' dir='ltr'><strong>suis,</strong></span> <span class='ocrx_word' id='word_1_169' title='bbox 1044 3307 1090 3380; x_wconf 88' lang='lat' dir='ltr'><strong>ad</strong></span> <span class='ocrx_word' id='word_1_170' title='bbox 1110 3311 1152 3380; x_wconf 68' lang='lat' dir='ltr'><strong>Ta</strong></span> 
     </span>
     <span class='ocr_line' id='line_1_26' title="bbox 47 3425 1155 3530; baseline -0.004 -32"><span class='ocrx_word' id='word_1_171' title='bbox 47 3427 211 3504; x_wconf 86' lang='lat' dir='ltr'><strong>Sextium</strong></span> <span class='ocrx_word' id='word_1_172' title='bbox 239 3432 439 3530; x_wconf 81' lang='lat' dir='ltr'><strong>begatum,</strong></span> <span class='ocrx_word' id='word_1_173' title='bbox 469 3455 582 3529; x_wconf 90' lang='lat' dir='ltr'><strong>quem</strong></span> <span class='ocrx_word' id='word_1_174' title='bbox 599 3429 804 3502; x_wconf 88' lang='lat' dir='ltr'><strong>minoribus</strong></span> <span class='ocrx_word' id='word_1_175' title='bbox 823 3431 953 3500; x_wconf 89' lang='lat' dir='ltr'><strong>castris</strong></span> <span class='ocrx_word' id='word_1_176' title='bbox 974 3425 1155 3523; x_wconf 84' lang='lat' dir='ltr'><strong>praesidio</strong></span> 
     </span>
     <span class='ocr_line' id='line_1_27' title="bbox 46 3542 1157 3645; baseline -0.002 -31"><span class='ocrx_word' id='word_1_177' title='bbox 46 3545 251 3645; x_wconf 83' lang='lat' dir='ltr'><strong>reliquerat,</strong></span> <span class='ocrx_word' id='word_1_178' title='bbox 270 3550 400 3632; x_wconf 87' lang='lat' dir='ltr'><strong>mittit,</strong></span> <span class='ocrx_word' id='word_1_179' title='bbox 420 3553 463 3622; x_wconf 91' lang='lat' dir='ltr'><strong>ot</strong></span> <span class='ocrx_word' id='word_1_180' title='bbox 482 3553 656 3620; x_wconf 86' lang='lat' dir='ltr'><strong>cohortes</strong></span> <span class='ocrx_word' id='word_1_181' title='bbox 670 3569 716 3618; x_wconf 88' lang='lat' dir='ltr'><strong>ex</strong></span> <span class='ocrx_word' id='word_1_182' title='bbox 731 3546 862 3618; x_wconf 87' lang='lat' dir='ltr'><strong>castris</strong></span> <span class='ocrx_word' id='word_1_183' title='bbox 881 3543 1051 3616; x_wconf 88' lang='lat' dir='ltr'><strong>celeriter</strong></span> <span class='ocrx_word' id='word_1_184' title='bbox 1064 3542 1157 3615; x_wconf 89' lang='lat' dir='ltr'><strong>edu-</strong></span> 
     </span>
     <span class='ocr_line' id='line_1_28' title="bbox 47 3657 1156 3736; baseline -0.002 -8"><span class='ocrx_word' id='word_1_185' title='bbox 47 3669 140 3733; x_wconf 79' lang='lat' dir='ltr'><strong>cerat</strong></span> <span class='ocrx_word' id='word_1_186' title='bbox 165 3669 204 3736; x_wconf 90' lang='lat' dir='ltr'><strong>et</strong></span> <span class='ocrx_word' id='word_1_187' title='bbox 229 3665 298 3734; x_wconf 88' lang='lat' dir='ltr'><strong>sub</strong></span> <span class='ocrx_word' id='word_1_188' title='bbox 328 3663 455 3736; x_wconf 86' lang='lat' dir='ltr'><strong>infimo</strong></span> <span class='ocrx_word' id='word_1_189' title='bbox 482 3661 577 3734; x_wconf 91' lang='lat' dir='ltr'><strong>colle</strong></span> <span class='ocrx_word' id='word_1_190' title='bbox 605 3661 650 3732; x_wconf 85' lang='lat' dir='ltr'><strong>ab</strong></span> <span class='ocrx_word' id='word_1_191' title='bbox 679 3659 813 3732; x_wconf 86' lang='lat' dir='ltr'><strong>dextro</strong></span> <span class='ocrx_word' id='word_1_192' title='bbox 848 3657 963 3731; x_wconf 90' lang='lat' dir='ltr'><strong>latere</strong></span> <span class='ocrx_word' id='word_1_193' title='bbox 992 3657 1156 3729; x_wconf 84' lang='lat' dir='ltr'><strong>bostium</strong></span> 
     </span>
     <span class='ocr_line' id='line_1_29' title="bbox 47 3773 1154 3873; baseline 0 -27"><span class='ocrx_word' id='word_1_194' title='bbox 47 3773 307 3852; x_wconf 64' lang='lat' dir='ltr'><strong>constitueret}</strong></span> <span class='ocrx_word' id='word_1_195' title='bbox 335 3785 399 3868; x_wconf 92' lang='lat' dir='ltr'><strong>ut,</strong></span> <span class='ocrx_word' id='word_1_196' title='bbox 433 3779 461 3850; x_wconf 89' lang='lat' dir='ltr'><strong>si</strong></span> <span class='ocrx_word' id='word_1_197' title='bbox 491 3783 638 3850; x_wconf 84' lang='lat' dir='ltr'><strong>nostros</strong></span> <span class='ocrx_word' id='word_1_198' title='bbox 665 3775 748 3848; x_wconf 90' lang='lat' dir='ltr'><strong>loco</strong></span> <span class='ocrx_word' id='word_1_199' title='bbox 775 3773 946 3873; x_wconf 89' lang='lat' dir='ltr'><strong>depulsos</strong></span> <span class='ocrx_word' id='word_1_200' title='bbox 988 3774 1154 3864; x_wconf 82' lang='lat' dir='ltr'><strong>ridisset,</strong></span> 
     </span>
     <span class='ocr_line' id='line_1_30' title="bbox 48 3895 1156 3992; baseline 0.003 -31"><span class='ocrx_word' id='word_1_201' title='bbox 48 3917 114 3989; x_wconf 89' lang='lat' dir='ltr'><strong>quo</strong></span> <span class='ocrx_word' id='word_1_202' title='bbox 138 3899 262 3969; x_wconf 88' lang='lat' dir='ltr'><strong>minus</strong></span> <span class='ocrx_word' id='word_1_203' title='bbox 280 3896 393 3968; x_wconf 89' lang='lat' dir='ltr'><strong>libere</strong></span> <span class='ocrx_word' id='word_1_204' title='bbox 413 3895 536 3967; x_wconf 81' lang='lat' dir='ltr'><strong>hostes</strong></span> <span class='ocrx_word' id='word_1_205' title='bbox 555 3896 863 3989; x_wconf 82' lang='lat' dir='ltr'><strong>insequerentur,</strong></span> <span class='ocrx_word' id='word_1_206' title='bbox 879 3899 1048 3966; x_wconf 87' lang='lat' dir='ltr'><strong>terreret.</strong></span> <span class='ocrx_word' id='word_1_207' title='bbox 1075 3896 1156 3992; x_wconf 85' lang='lat' dir='ltr'><strong>lpse&#39;</strong></span> 
     </span>
     <span class='ocr_line' id='line_1_31' title="bbox 47 4007 1155 4107; baseline 0 -27"><span class='ocrx_word' id='word_1_208' title='bbox 47 4011 207 4104; x_wconf 87' lang='lat' dir='ltr'><strong>paullum</strong></span> <span class='ocrx_word' id='word_1_209' title='bbox 235 4035 282 4084; x_wconf 81' lang='lat' dir='ltr'><strong>ex</strong></span> <span class='ocrx_word' id='word_1_210' title='bbox 309 4023 353 4084; x_wconf 86' lang='lat' dir='ltr'><strong>eo&#39;</strong></span> <span class='ocrx_word' id='word_1_211' title='bbox 379 4009 464 4082; x_wconf 88' lang='lat' dir='ltr'><strong>loco</strong></span> <span class='ocrx_word' id='word_1_212' title='bbox 502 4033 588 4081; x_wconf 84' lang='lat' dir='ltr'><strong>corn</strong></span> <span class='ocrx_word' id='word_1_213' title='bbox 617 4007 760 4107; x_wconf 74' lang='lat' dir='ltr'><strong>legione</strong></span> <span class='ocrx_word' id='word_1_214' title='bbox 782 4089 784 4096; x_wconf 63' lang='grc'>,</span> <span class='ocrx_word' id='word_1_215' title='bbox 805 4025 1050 4107; x_wconf 84' lang='lat' dir='ltr'><strong>progressus,</strong></span> <span class='ocrx_word' id='word_1_216' title='bbox 1091 4007 1155 4080; x_wconf 92' lang='lat' dir='ltr'><strong>ubi</strong></span> 
     </span>
     <span class='ocr_line' id='line_1_32' title="bbox 49 4127 953 4224; baseline 0.002 -26"><span class='ocrx_word' id='word_1_217' title='bbox 49 4131 295 4219; x_wconf 88' lang='lat' dir='ltr'><strong>constiterat,</strong></span> <span class='ocrx_word' id='word_1_218' title='bbox 322 4131 501 4200; x_wconf 78' lang='lat' dir='ltr'><strong>eventum</strong></span> <span class='ocrx_word' id='word_1_219' title='bbox 529 4147 675 4224; x_wconf 79' lang='lat' dir='ltr'><strong>pugnae</strong></span> <span class='ocrx_word' id='word_1_220' title='bbox 699 4127 953 4224; x_wconf 69' lang='lat' dir='ltr'><strong>exspectabat</strong></span> 
     </span>
    </p>
   </div>
   <div class='ocr_carea' id='block_1_3' title="bbox 49 4349 1157 4585">
    <p class='ocr_par' dir='ltr' id='par_1_5' title="bbox 49 4349 1157 4585">
     <span class='ocr_line' id='line_1_33' title="bbox 77 4349 1087 4448; baseline -0.006 -16"><span class='ocrx_word' id='word_1_221' title='bbox 77 4379 102 4432; x_wconf 78' lang='lat' dir='ltr'><strong>L.</strong></span> <span class='ocrx_word' id='word_1_222' title='bbox 123 4381 226 4432; x_wconf 78' lang='lat' dir='ltr'><strong>Fabius.</strong></span> <span class='ocrx_word' id='word_1_223' title='bbox 254 4367 346 4434; x_wconf 77' lang='lat' dir='ltr'><strong>Celsus</strong></span> <span class='ocrx_word' id='word_1_224' title='bbox 363 4375 421 4432; x_wconf 86' lang='lat' dir='ltr'><strong>beic</strong></span> <span class='ocrx_word' id='word_1_225' title='bbox 439 4379 466 4429; x_wconf 85' lang='lat' dir='ltr'><strong>et</strong></span> <span class='ocrx_word' id='word_1_226' title='bbox 483 4395 504 4430; x_wconf 88' lang='lat' dir='ltr'><strong>c.</strong></span> <span class='ocrx_word' id='word_1_227' title='bbox 526 4381 565 4427; x_wconf 69' lang='lat' dir='ltr'><strong>to.</strong></span> <span class='ocrx_word' id='word_1_228' title='bbox 634 4381 664 4428; x_wconf 83' lang='lat' dir='ltr'><strong>ut</strong></span> <span class='ocrx_word' id='word_1_229' title='bbox 681 4393 757 4445; x_wconf 85' lang='lat' dir='ltr'><strong>saepe</strong></span> <span class='ocrx_word' id='word_1_230' title='bbox 774 4349 847 4428; x_wconf 79' lang='lat' dir='ltr'><strong>alias.</strong></span> <span class='ocrx_word' id='word_1_231' title='bbox 937 4427 939 4435; x_wconf 75' lang='grc'>,</span> <span class='ocrx_word' id='word_1_232' title='bbox 1086 4443 1087 4448; x_wconf 12' lang='lat'>¹</span> 
     </span>
     <span class='ocr_line' id='line_1_34' title="bbox 49 4425 1157 4513; baseline 0.001 -19"><span class='ocrx_word' id='word_1_233' title='bbox 49 4445 74 4494; x_wconf 81' lang='lat' dir='ltr'><strong>L.</strong></span> <span class='ocrx_word' id='word_1_234' title='bbox 91 4448 209 4499; x_wconf 65' lang='lat' dir='ltr'><strong>Solemus.</strong></span> <span class='ocrx_word' id='word_1_235' title='bbox 664 4453 850 4513; x_wconf 77' lang='lat' dir='ltr'><strong>praemetuens.</strong></span> <span class='ocrx_word' id='word_1_236' title='bbox 869 4439 912 4497; x_wconf 76' lang='lat' dir='ltr'><strong>Sic</strong></span> <span class='ocrx_word' id='word_1_237' title='bbox 931 4425 1064 4498; x_wconf 76' lang='lat' dir='ltr'><strong>Phaedrus</strong></span> <span class='ocrx_word' id='word_1_238' title='bbox 1079 4459 1103 4506; x_wconf 85' lang='grc' dir='ltr'><strong>Ι,</strong></span> <span class='ocrx_word' id='word_1_239' title='bbox 1118 4446 1157 4496; x_wconf 75' lang='lat' dir='ltr'><strong>le</strong></span> 
     </span>
     <span class='ocr_line' id='line_1_35' title="bbox 77 4511 1034 4585; baseline -0.004 -21"><span class='ocrx_word' id='word_1_240' title='bbox 77 4516 101 4564; x_wconf 87' lang='lat' dir='ltr'><strong>in</strong></span> <span class='ocrx_word' id='word_1_241' title='bbox 117 4527 285 4585; x_wconf 80' lang='lat' dir='ltr'><strong>conspectum.</strong></span> <span class='ocrx_word' id='word_1_242' title='bbox 311 4513 366 4566; x_wconf 77' lang='lat' dir='ltr'><strong>Alii</strong></span> <span class='ocrx_word' id='word_1_243' title='bbox 383 4513 410 4564; x_wconf 81' lang='lat' dir='ltr'><strong>in</strong></span> <span class='ocrx_word' id='word_1_244' title='bbox 426 4521 566 4581; x_wconf 78' lang='lat' dir='ltr'><strong>conspecto.</strong></span> <span class='ocrx_word' id='word_1_245' title='bbox 667 4515 758 4572; x_wconf 78' lang='lat' dir='ltr'><strong>mittit,</strong></span> <span class='ocrx_word' id='word_1_246' title='bbox 777 4523 812 4562; x_wconf 82' lang='lat' dir='ltr'><strong>ut.</strong></span> <span class='ocrx_word' id='word_1_247' title='bbox 831 4511 886 4564; x_wconf 79' lang='lat' dir='ltr'><strong>Alii</strong></span> <span class='ocrx_word' id='word_1_248' title='bbox 901 4515 982 4573; x_wconf 82' lang='lat' dir='ltr'><strong>misit,</strong></span> <span class='ocrx_word' id='word_1_249' title='bbox 999 4525 1034 4562; x_wconf 78' lang='lat' dir='ltr'><strong>or.</strong></span> 
     </span>
    </p>
   </div>
   <div class='ocr_carea' id='block_1_4' title="bbox 143 4615 1005 4690">
    <p class='ocr_par' dir='ltr' id='par_1_6' title="bbox 143 4615 1005 4690">
     <span class='ocr_line' id='line_1_36' title="bbox 143 4615 1005 4690; baseline -0.007 0"><span class='ocrx_word' id='word_1_250' title='bbox 143 4617 301 4690; x_wconf 75' lang='lat' dir='ltr'><strong>Cnoson.</strong></span> <span class='ocrx_word' id='word_1_251' title='bbox 329 4615 523 4689; x_wconf 64' lang='lat' dir='ltr'><strong>Commenta</strong></span> <span class='ocrx_word' id='word_1_252' title='bbox 563 4615 672 4685; x_wconf 70' lang='lat' dir='ltr'><strong>Torua</strong></span> <span class='ocrx_word' id='word_1_253' title='bbox 699 4615 729 4685; x_wconf 77' lang='lat' dir='ltr'><strong>le</strong></span> <span class='ocrx_word' id='word_1_254' title='bbox 900 4618 941 4688; x_wconf 79' lang='lat' dir='ltr'><strong>bl.</strong></span> <span class='ocrx_word' id='word_1_255' title='bbox 967 4631 1005 4684; x_wconf 74' lang='lat' dir='ltr'><strong>nr·</strong></span> 
     </span>
    </p>
   </div>
   <div class='ocr_carea' id='block_1_5' title="bbox 0 0 1502 5268">
    <p class='ocr_par' dir='ltr' id='par_1_7' title="bbox 0 0 1502 5268">
     <span class='ocr_line' id='line_1_37' title="bbox 0 0 1502 5268; baseline 0 0"><span class='ocrx_word' id='word_1_256' title='bbox 0 0 1502 5268; x_wconf 95' lang='lat' dir='ltr'><strong> </strong></span> 
     </span>
    </p>
   </div>
  </div>
 </body>
</html>
