3040 5264
385 339 931 442 Qnmfflm'
1112 335 1171 463 Q

67 568 177 644 armis
191 577 310 648 erant.
336 573 491 650 Interim
513 573 832 675 proelio'eqnestri
849 576 947 654 inter
967 574 1058 650 duas
1076 575 1175 650 acies

66 689 374 766 contendebatur.
389 693 461 764 Ubi
480 695 600 766 neutri
619 695 834 770 transeundi
852 695 1000 770 initium
1021 693 1177 784 faciunt,

64 803 282 908 secundiore
306 807 477 902 equitum
508 806 649 905 proelio
676 811 833 906 uostris,
859 809 997 882 Caesar
1022 829 1109 880 suos
1135 807 1175 878 in

64 928 185 992 castra
211 923 372 996 reduxit.
399 925 535 996 Hostes
560 926 731 1026 protinus
758 951 805 1000 ex
830 949 875 1000 eo
901 923 985 996 loco
1020 919 1068 996 ad
1101 919 1174 996 flu-

62 1053 150 1104 men
175 1037 348 1112 Axonam
374 1038 666 1128 contenderunt,
693 1040 796 1139 quod
821 1063 899 1114 esse
925 1043 1012 1136 post
1046 1042 1175 1112 nostra

61 1156 186 1228 castra
211 1152 510 1228 demonstratum
537 1161 606 1228 est.
632 1157 689 1228 lbi
707 1154 813 1230 vadis
831 1159 1007 1254 repertis,
1026 1163 1173 1252 partem

60 1289 213 1344 suarum
239 1272 432 1369 copiarum
459 1271 699 1346 transducere
734 1275 859 1346 conati
894 1277 982 1347 suot
1007 1295 1052 1344 eo
1081 1295 1176 1346 con·

60 1384 161 1471 cilio,
188 1395 255 1477 ut,
280 1390 309 1462 si
337 1394 504 1487 possent,
530 1388 746 1473 castellum,
765 1389 827 1462 cui
845 1394 1015 1488 praeerat
1040 1389 1087 1481 Q.
1110 1387 1176 1462 Ti·

60 1505 181 1576 turios
206 1507 390 1605 Legatos,
429 1511 688 1604 expugnarent
714 1512 942 1604 pontemque
973 1505 1175 1582 interscin-¹

61 1617 211 1710 derent3
236 1626 266 1696 si
286 1624 409 1696 minus
427 1625 656 1721 potuissent,
673 1643 780 1719 agros
796 1623 1002 1695 Remorum
1021 1619 1175 1718 popula·

59 1741 205 1826 rentur,
231 1738 294 1834 qui
322 1761 458 1838 magno
484 1735 591 1808 nobis
616 1739 699 1810 usui
725 1734 773 1808 ad
799 1733 939 1808 beilum
965 1733 1172 1834 gerendum

61 1853 188 1938 erant,
213 1859 502 1948 commeatuque
530 1856 677 1924 nostros
704 1849 955 1948 prohiberent.

113 1983 171 2038 ro.
197 1963 357 2057 Caesar,
391 1965 531 2039 certior
571 1965 692 2040 factos
732 1963 779 2040 ab
806 1963 980 2050 Titurio,
1021 1983 1172 2036 omnem

59 2083 268 2177 equitatum
288 2089 327 2156 et
342 2083 433 2156 levis
449 2087 659 2158 armaturae
677 2079 876 2168 Numidas,
895 2078 1101 2150 funditores
1116 2103 1174 2150 sa·

59 2199 300 2297 gittariosque
318 2206 471 2298 pontem
488 2197 698 2273 transducit
723 2202 837 2294 atque
862 2196 909 2268 ad
926 2219 989 2268 eos
1014 2201 1173 2268 conten-

59 2313 125 2390 dit.
152 2319 300 2390 Acriter
325 2317 363 2394 in
389 2341 434 2390 eo
460 2314 545 2388 loco
572 2318 781 2413 pugnatum
807 2318 877 2386 est.
903 2313 1039 2386 Hostes
1064 2313 1172 2410 inpe-

60 2427 156 2502 ditos
183 2433 298 2506 nostri
324 2431 362 2504 in
388 2428 541 2505 flumine
559 2429 743 2528 adgressi,
760 2449 939 2527 magnum
960 2449 1090 2500 eorum
1109 2449 1173 2498 nu·

55 2569 201 2626 merum
227 2547 459 2624 occiderunt.
486 2547 556 2624 Per
582 2568 711 2618 eorum
730 2567 890 2640 corpora
908 2541 1088 2640 reliquos,
1107 2565 1171 2614 an·

55 2657 248 2738 decissirus
274 2663 430 2736 transire
447 2665 646 2749 conantes,
664 2657 904 2737 multitudine
923 2657 1086 2731 telorum
1114 2680 1170 2730 re-

55 2777 253 2876 pulerunt;
273 2781 437 2878 primos,
460 2779 523 2876 qui
543 2777 787 2865 transierant,
806 2775 978 2872 equitatu
1003 2775 1173 2846 circum-

53 2899 187 2966 ventos
203 2895 482 2968 interfecerunt.
508 2893 663 2981 Hostes,
690 2891 754 2972 ubi
781 2888 891 2964 etde
919 2885 1166 2988 expugnanda

53 3009 188 3108 oppido
213 3019 253 3088 et
278 3011 323 3085 de
350 3008 502 3084 flumine
528 3005 756 3080 transeundo
783 3029 886 3103 spem
920 3028 959 3080 se
995 3002 1165 3076 fefellisse

51 3121 334 3214 intellexeruut,
361 3148 480 3220 neque
515 3131 663 3196 nostros
701 3123 740 3192 in
779 3119 905 3193 locum
943 3117 1164 3215 iniquiorem

50 3237 222 3338 progredi
250 3239 437 3337 pugnandi
462 3259 593 3310 caussa
618 3237 817 3324 viderunt,
843 3239 956 3330 atque
981 3233 1080 3328 ipsos
1106 3253 1164 3302 res

49 3347 292 3424 frumentaria
311 3351 468 3424 deficere
482 3353 625 3452 coepit,
643 3349 803 3424 concilio
823 3350 1057 3433 convocato,
1075 3369 1166 3416 con-

50 3470 279 3561 stituerunt,
295 3472 480 3569 optimum
495 3495 592 3566 esse,
609 3467 764 3543 domurn
778 3491 886 3542 snam
903 3487 1090 3568 quemque
1107 3485 1164 3536 re·

79 3819 125 3853 rae.
144 3803 258 3869 aquim
279 3799 380 3881 praedm
397 3805 502 3856 nostris.
526 3801 594 3858 Sic,
639 3801 739 3852 radant.
752 3797 870 3882 MEdd.
889 3806 942 3853 ret.
959 3809 1161 3870 commotusque

49 3863 171 3921 Oudend.
184 3888 198 3919 e
213 3865 305 3938 probra
318 3869 395 3924 codd.
407 3868 492 3940 vulgo
503 3875 573 3941 aqut·
639 3880 742 3922 nostros
756 3867 930 3938 protuberent.

50 3944 98 3985 uon
114 3947 274 3988 nostrorwn.
674 3935 788 3992 Caesar,
801 3939 903 3985 certior.
922 3933 1027 3986 Nomou
1041 3933 1163 3987 Caesaris

79 4028 342 4082 ...nm
359 4029 403 4084 ...
420 4049 477 4103 ων·
490 4037 514 4084 ⁵·
531 4031 571 4084 r·
639 3999 1162 4123 ntremesinum

80 4125 102 4171 si
117 4125 203 4200 nunus
217 4127 367 4192 potuissent.
384 4123 428 4178 Sic
447 4125 571 4207 Oudend·
639 4135 689 4195 35,
711 4153 749 4186 ιι.
767 4144 795 4190 st
810 4133 948 4188 Claudiam
967 4133 994 4188 b.
1010 4133 1083 4190 Gild.
1102 4138 1160 4200 435.

50 4189 153 4242 ccodd.
172 4207 210 4242 sic
227 4198 256 4242 st
271 4189 441 4244 Flodoardus.
460 4193 514 4246 Ani
525 4213 572 4246 sur
638 4221 692 4276 aq,

50 4259 128 4306 minus
148 4255 192 4308 vel
210 4261 251 4310 rin
266 4262 470 4328 nsinmpossent.
672 4272 836 4324 audactum
858 4297 893 4312 ι·-
914 4271 1068 4339 sepulcrm
1091 4267 1162 4320 dieis

79 4355 169 4390 comm.
203 4357 229 4391 n.
255 4338 334 4408 prob.
362 4339 447 4408 Vulgo
479 4347 571 4392 contu
638 4355 699 4405 ergo
726 4337 797 4390 Plut.
825 4355 883 4412 cap.
910 4355 951 4392 20.
969 4338 1035 4394 dict!
1054 4343 1157 4406 stagnis

52 4404 122 4458 codd.
150 4419 352 4476 summumque
376 4419 479 4460 nostros
496 4411 572 4461 msti-
639 4409 828 4478 incoeptum.

489 4677 528 4716 ’0.
