2986 5268
314 391 391 450 tut.
428 391 497 450 vu.
535 395 627 453 cnr.
667 357 840 453 58-61.
1055 367 1143 458 281

43 591 128 677 iam,
148 597 191 666 ut
219 591 356 692 aliquid
375 593 606 691 adquireret,
625 593 845 692 proelioque·
857 594 982 670 hostes
1000 587 1155 671 lacesse·

42 716 109 794 ret;
126 709 189 784 sed
206 693 722 784 ut.inc01ume1neirercuum
742 713 976 811 Agendicum
996 715 1154 789 reduce-

41 834 120 908 ret,
147 826 350 925 cogitabat.
386 827 556 925 Namque
583 825 702 898 altera
731 849 778 898 ex
808 833 913 924 parte
946 825 1155 921 Bellovaci,

41 963 129 1036 quae
148 942 283 1012 civitas
301 942 339 1012 iu
358 939 479 1014 Gallia
498 944 702 1015 maximam
722 941 835 1014 lrabet
853 940 1064 1039 opinionem
1082 945 1155 1016 vir·

40 1058 148 1146 tntis,
176 1058 391 1144 instabant;
411 1057 567 1131 alteram
594 1057 869 1156 Camulogenus
890 1065 1020 1156 parato
1040 1065 1153 1156 atque

38 1172 218 1244 instructo
233 1175 400 1245 exercitu
415 1173 587 1247 tenebat:
610 1179 693 1246 tum
711 1173 893 1273 legiones,
920 1199 940 1244 a
968 1174 1149 1271 praesidio

39 1296 146 1386 atque
162 1289 422 1389 inpedimentis
444 1287 682 1378 interclusas,
708 1291 913 1362 maximnm
933 1287 1073 1364 flumen
1099 1290 1153 1362 di-

39 1409 211 1482 stinebat.
239 1407 369 1480 Tantis
388 1406 513 1480 subito
531 1401 815 1480 difficultatibus
833 1407 988 1481 obiectis
1005 1407 1052 1480 ab
1076 1409 1153 1482 ani-

37 1529 81 1598 iui
111 1527 250 1598 virtute
278 1523 459 1596 arixilium
485 1520 689 1620 petendum
715 1519 881 1596 videbat.

84 1641 147 1712 60.
173 1642 303 1736 ltaque
330 1638 399 1712 sub
428 1659 625 1735 vesperum
645 1635 799 1710 consilio
827 1643 1058 1727 convocato,
1086 1661 1153 1712 co·

36 1750 230 1842 hortatus,
258 1758 301 1824 ut
327 1777 395 1842 ea,
427 1777 521 1850 quae
547 1753 786 1852 imperasset,
811 1751 1009 1854 diligenter
1046 1752 1153 1826 indu·

35 1868 194 1964 strieque
221 1866 552 1957 administrarent,
578 1891 723 1957 naves,
756 1890 848 1963 quas
892 1891 915 1938 a
950 1864 1153 1954 Meloduno

36 1981 263 2074 deduxerat,
289 1984 451 2084 singulas
478 1981 666 2081 equitibus
692 1983 869 2056 Romanis
887 1981 1151 2076 adtribuitet,

34 2101 153 2197 prima
175 2095 347 2174 confecta
375 2097 527 2200 vigilia,
562 2095 859 2196 quatuormilia
888 2119 1064 2194 passuum
1093 2123 1153 2170 se-

33 2217 155 2290 cundo
181 2215 332 2290 flumine
360 2215 530 2316 progredi
557 2213 702 2290 silentio
732 2213 859 2312 ibique
886 2239 924 2286 se
944 2217 1151 2314 exspectari

34 2331 149 2404 iubet.
177 2333 351 2430 Quinque
378 2332 580 2419 cohortes,
622 2351 714 2428 quas
756 2329 908 2401 minime
949 2329 1075 2402 firmas
1103 2331 1151 2404 ad

34 2445 286 2518 dimicandum
307 2469 385 2519 esse
403 2448 644 2553 existimabat
675 2445 806 2517 castris
825 2443 1007 2542 praesidio
1037 2443 1151 2517 relin-

32 2563 132 2657 quit:
161 2562 324 2659 quinque
351 2561 515 2634 eiusdem
559 2561 712 2659 legionis
751 2559 911 2658 reliquas
952 2561 996 2634 de
1027 2563 1151 2636 media

31 2683 142 2748 noete
157 2703 246 2750 cum
266 2678 438 2750 omnibus
457 2677 719 2776 inpedimentis
727 2673 884 2749 adverso
898 2673 1050 2748 flumine
1069 2701 1151 2748 ma-

30 2818 102 2890 gno
130 2793 297 2868 tumulto
325 2795 506 2894 proficisci
527 2795 697 2892 imperat.
732 2793 928 2890 Conquirit
949 2795 1062 2866 etiam
1077 2793 1146 2866 lin·
1247 2819 1249 2824 ’

30 2915 126 2980 tres:
162 2910 254 3000 has,
277 2933 415 3008 magno
432 2909 558 2981 sonitu
577 2930 768 2981 remorum
783 2909 977 2992 incitatas,
996 2909 1034 2980 in
1054 2931 1153 2980 eam·

31 3023 117 3098 dem
144 3032 290 3126 partem
317 3025 446 3098 mittit.
474 3027 554 3123 lpse
582 3032 666 3123 post
685 3023 835 3122 paullo,
861 3024 1007 3097 silentio
1026 3049 1152 3125 egres·

31 3163 122 3230 sus,
155 3165 243 3214 com
270 3141 391 3214 tribus
415 3139 622 3239 legionibus
648 3163 736 3212 eum
762 3137 887 3210 lucum
914 3141 1033 3238 petit,
1074 3161 1150 3236 quo

32 3278 148 3328 naves
171 3253 305 3352 adpelli
327 3257 495 3328 iusserat.

80 3367 143 3446 61.
162 3373 219 3444 Eo
238 3397 354 3468 quum
378 3377 474 3444 esset
493 3377 668 3458 ventum,
695 3369 948 3468 exploratores
971 3369 1151 3454 hostium,

30 3491 72 3555 ut
93 3487 195 3557 omui
224 3481 387 3558 fluminis
416 3463 519 3584 pbrte
538 3493 645 3558 eraut
667 3486 856 3583 dispositi,
889 3487 1152 3582 inopinanteS,

29 3601 130 3695 rquod
149 3627 284 3698 magna
303 3603 428 3675 subito
444 3609 526 3676 erat
544 3609 675 3674 coorta
698 3607 925 3700 tempestas,
947 3604 995 3673 ab
1017 3606 1153 3676 nostris

28 3717 319 3813 obprimuntur:
347 3719 534 3792 exercitus
556 3719 840 3814 equitatusque,
865 3718 1053 3812 equitibus
1077 3719 1151 3788 uo-

28 3835 149 3906 mauis
177 3833 545 3920 administrantibus,
572 3859 663 3930 quos
678 3835 710 3906 ei
726 3835 875 3934 negotio
894 3834 1146 3932 praefecerat,

28 3947 200 4022 celeriter
227 3951 505 4022 transmittitur.
538 3949 621 4022 Uno
649 3949 723 4022 fere
739 3955 909 4048 tempore
936 3948 1004 4020 sub
1023 3947 1149 4020 lucem

59 4165 177 4216 consilio.
196 4163 266 4217 Male
284 4163 330 4216 atii
347 4162 461 4216 canutio.
628 4161 670 4214 Μ.
689 4161 733 4214 Sic
746 4166 871 4212 exercitus
883 4179 931 4231 pro
940 4159 1056 4228 peditatu
1073 4162 1153 4212 etiam

628 4235 658 4280 (Ἃ
673 4229 700 4289 3,
713 4232 752 4284 38.
772 4231 815 4281 Sic
834 4230 886 4279 sero
899 4245 925 4279 et
938 4229 1019 4281 Silius
1038 4229 1081 4288 13,
1094 4229 1152 4282 308.

628 4297 717 4349 Simili
747 4297 827 4348 modo
855 4296 948 4347 milites
980 4295 1154 4364 ubpounntur

627 4364 762 4435 equitibus
782 4371 810 4424 5,
832 4381 867 4414 ιο.
887 4365 917 4414 C.
936 4383 965 4425 2,
984 4373 1023 4430 4¹·
1039 4365 1153 4432 itemqu·-

61 4434 189 4483 exer-urus
212 4431 350 4502 (pedites)
373 4435 557 4502 equitatusque.
627 4433 750 4483 dominer.
768 4432 798 4486 C.
817 4449 845 4492 2,
863 4431 904 4500 39.

136 4531 292 4604 CAESAR.
319 4530 515 4604 Continent.
542 4534 648 4605 Tum.
679 4535 706 4605 l.
913 4531 946 4604 N
975 4555 1000 4602 n

61 4289 91 4319 se
108 4273 257 4391 supportari.
271 4268 391 4324 Clarkins
402 4267 461 4321 vult
470 4287 560 4340 esspe-

29 4351 113 4386 etnre.
161 4357 196 4390 on
214 4355 291 4408 opus.

1210 4515 1225 4554 V
