3060 5276
371 369 451 432 LlB.
476 369 536 432 111.
570 370 664 432 car.
700 371 777 433 21.
808 372 886 434 22.

1092 363 1187 476 499

60 572 153 647 rico
179 563 393 670 obpugnare
420 575 557 672 coepit.
589 575 646 647 Eo
673 597 789 682 quum
816 602 840 650 a
866 579 913 670 Q.
940 577 1053 654 Pedio
1079 561 1191 654 Prae-

62 691 154 758 tore
180 707 269 756 cum
293 683 438 784 legione
463 689 500 724 **
526 687 647 788 lapide
683 693 782 764 ictus
807 715 855 764 ex
888 715 1018 784 muro,
1052 697 1188 794 periit:

63 809 110 876 et
138 801 313 891 Coelius,
338 802 553 900 proiectus,
579 810 624 878 ut
650 803 871 898 dictitabat,
897 808 944 882 ad
970 809 1185 902 Caesarem,

63 919 244 1018 parvenit
270 919 452 994 Thurios:
486 920 572 1010 ubi,
607 943 724 1020 quum
751 923 934 1021 quosdam
958 925 1037 1000 eius
1062 933 1190 1002 muni-

64 1038 160 1137 cipii
187 1034 426 1122 sollicitaret,
454 1031 716 1134 equitibusque
742 1037 909 1113 Caesaris
936 1039 1053 1116 Gallis
1073 1050 1188 1141 atque

63 1151 267 1250 Hispanis,
301 1151 365 1247 qui
391 1173 437 1222 eo
458 1150 633 1252 praesidii
661 1173 790 1225 caussa
816 1153 918 1227 missi
952 1161 1083 1256 erant,
1122 1183 1188 1256 pe-

65 1266 221 1340 cuniam
249 1263 513 1364 polliceretur,
538 1265 585 1339 ab
611 1266 655 1339 iis
681 1273 739 1341 est
762 1267 991 1343 interfectus.
1026 1273 1085 1344 lta
1110 1295 1188 1343 ma-

63 1401 227 1478 gnarum
253 1378 360 1452 initia
393 1401 541 1468 rerum,
579 1403 676 1478 quae
710 1381 958 1478 occupatione
989 1384 1187 1484 Magistra-

64 1503 178 1570 tuum
217 1499 257 1568 et
295 1500 512 1591 temporum
553 1492 752 1570 sollicitam
790 1497 938 1572 ltaliam
969 1499 1190 1596 habebant,

63 1609 227 1685 celerem
252 1616 292 1683 ct
317 1607 464 1680 facilem
491 1608 636 1684 exitum
661 1609 887 1688 habueruut.

62 1868 196 1921 constitui
207 1883 262 1918 non
273 1865 386 1935 poterit,
402 1869 494 1916 atrurn
505 1861 591 1925 Cosa,

62 1935 98 1987 ad
122 1952 202 2006 qnam
222 1931 292 1986 Milo
312 1948 403 1984 caesas
425 1938 482 1992 est,
509 1931 590 1982 luerit

62 2000 242 2054 Thurinorum
257 2001 286 2050 iu
303 1997 419 2050 Lucania
437 1997 512 2048 iuxta
523 1997 588 2049 Cae-

62 2087 168 2129 sarem,
193 2087 227 2121 au
243 2065 417 2136 Hirpinorum
434 2065 506 2116 iuxta
523 2063 588 2116 Vel·

62 2135 169 2195 leium,
197 2153 232 2188 an
255 2133 319 2186 adeo
336 2131 485 2202 Apulorum
513 2131 588 2210 irrata

62 2203 181 2256 Dionem
209 2201 283 2253 Cass.
314 2211 366 2264 ῃ,
404 2207 456 2264 25,
485 2213 530 2268 qur
558 2215 588 2250 ru

62 2269 165 2340 Apulia
195 2270 302 2342 periisse
330 2265 460 2319 Milonem
484 2264 586 2344 refert:

62 2337 119 2390 nisi
130 2336 194 2390 linea
212 2335 391 2394 Lucanorum,
413 2333 588 2403 Hirpinorum

61 2413 92 2524 r
113 2397 588 2522 *elucubratione

60 2489 253 2656 pilitmiisiuia
279 2535 409 2588 dicamus·
446 2533 498 2588 Sed
526 2551 587 2586 curu

73 2601 221 2658 utillimum
237 2606 289 2664 sit,
317 2605 345 2654 in
363 2601 461 2654 talibus
485 2619 587 2660 errare,

60 2671 182 2726 iudicent
196 2671 252 2725 alii.
269 2670 308 2720 Μ.
333 2669 385 2722 Eas
401 2676 490 2738 gentes
508 2669 586 2720 certis

60 2741 183 2795 terminia
199 2740 244 2791 rin
262 2755 338 2808 posse
355 2737 482 2806 distingui
504 2734 588 2787 tradit

60 2805 160 2859 Strabo
184 2805 216 2858 1..
238 2808 263 2857 6.
286 2822 312 2876 p.
333 2803 391 2856 2⁵3.
409 2803 507 2856 Contra
529 2800 588 2854 Clu·

60 2875 165 2926 verium
193 2881 292 2945 pugnat
319 2869 429 2924 Vossius
456 2868 490 2950 ad
516 2867 585 2921 Vell.

60 2945 174 3078 isti
189 2937 584 3082 ttritbd't‘tttaftt

59 3073 157 3146 dieque
184 3073 238 3127 dici
277 3073 385 3126 Cossum
415 3075 444 3124 iu
474 3081 584 3141 antiquo

60 3141 243 3194 'l'hnrinorum
276 3147 370 3192 nactu-
418 3139 586 3192 Carissanum

59 3207 145 3262 Plinii
163 3209 243 3262 l'oisse
259 3206 395 3260 castellum
412 3207 488 3260 iuxta
505 3205 583 3257 Gum-

56 3291 154 3356 psam.
190 3283 280 3330 renuet
308 3275 468 3326 Harduinua.
504 3273 583 3324 Cous.

59 3341 294 3482 “immitia-⁰:
315 3339 442 3486 :siriidlm
463 3343 584 3460 Medulli

59 3486 125 3532 sunt
141 3478 263 3556 integra}
292 3493 441 3596 ”⁸⁰le
457 3475 584 3596 lecpopps

59 3543 459 3682 teusanus..
473 3561 584 3662 u...

59 3687 131 3732 naut.
158 3677 256 3739 Esset,
283 3677 359 3746 vulgo
375 3675 498 3729 additum
542 3681 585 3728 ost

59 3743 438 3828 ictus,nonlrabentcodices.
457 3743 498 3795 M.
538 3741 582 3795 ud.

59 3809 484 3950 bittit-ambit.
491 3823 584 3938 tta}

58 3947 145 4014 lapide
171 3973 205 3990 -
233 3973 266 3989 -
302 3943 412 4005 Valeat,
452 3953 583 4018 quantiam

58 4017 171 4084 quisque
193 4011 266 4067 velit.
289 4010 460 4090 Clarkiuain
480 4009 583 4091 vulgato

58 4083 206 4161 sententiae
229 4083 337 4150 nisinen
359 4095 468 4150 perusta
485 4086 583 4132 statutt

80 4166 227 4284 ‘illisus
255 4211 347 4270 blarel.
379 4231 406 4286 p.
436 4229 493 4280 ηε.
523 4209 583 4266 vult

55 4281 227 4356 pausaturus.
244 4279 305 4334 Ilua
322 4295 390 4352 opas
408 4281 568 4334 mutatione.

93 4351 219 4416 qrioulam
234 4351 287 4401 eius
303 4351 394 4401 manniri
413 4353 440 4399 ii.
458 4349 525 4401 Mire
542 4363 583 4397 ra·

56 4418 164 4487 riantur
184 4415 249 4480 basa
269 4413 357 4472 varlar.
397 4415 463 4471 odes
483 4414 581 4472 Larsa.

656 1861 749 1928 babet,
765 1883 820 1917 arm
837 1865 934 1919 Coram
949 1871 1001 1919 eius
1018 1867 1186 1926 roldeiraret.

655 1929 723 1986 Edd-
745 1934 847 2002 primae
869 1933 970 1986 babent
1012 1953 1107 2006 uosque
1132 1954 1180 2007 pro

654 1997 827 2066 quosdam-A
845 2000 929 2054 tribus
946 1955 1023 2054 codd.
1043 2021 1097 2056 uon
1110 2006 1181 2074 opti-

655 2066 707 2117 mis
729 2066 808 2126 verba
833 2073 886 2118 eiua
909 2073 1038 2136 murucipii
1062 2070 1179 2138 absunt3

654 2139 682 2181 et
698 2132 726 2184 iu
743 2131 846 2185 duobus
864 2132 959 2186 horum
976 2135 1051 2188 codd.
1069 2137 1180 2205 legiturr

653 2213 708 2248 eram
724 2203 882 2252 constantius
898 2201 1059 2254 sollicitaret.
1112 2205 1201 2258 Hinc*

653 2263 822 2318 Mardandos
840 2285 867 2337 p.
886 2282 930 2330 271
951 2267 1001 2335 legi
1018 2269 1094 2322 vult:
1126 2290 1182 2322 mm

654 2331 824 2384 consentinos
841 2333 1017 2386 sollicitaret:
1036 2355 1091 2388 esse
1109 2338 1182 2390 enim

654 2397 825 2452 Consentiam
843 2399 1004 2470 metropolin
1013 2401 1180 2456 Bruttiorum

651 2467 845 2519 conterminam
872 2466 989 2536 ‘l'birriiu
1020 2467 1062 2521 M·
1091 2469 1179 2524 Bentl.

652 2531 719 2586 velit
729 2551 806 2602 apuam
816 2537 980 2586 tammultius
991 2551 1105 2608 quosque
1119 2538 1175 2590 aol-

653 2599 772 2652 tauns.

684 2681 817 2748 prmrilii.
829 2679 886 2734 lloe
896 2699 910 2732 e
921 2679 1003 2734 Manu
1008 2683 1039 2733 tii
1050 2689 1076 2735 et
1084 2683 1178 2738 Fatrni

652 2747 800 2800 coniectura
818 2749 921 2800 venisse
940 2750 969 2801 in
987 2749 1130 2812 editiones,
1149 2753 1179 2806 ia

653 2813 729 2867 codd.
747 2824 774 2866 et
791 2813 850 2868 edd.
869 2823 937 2868 antt.
955 2833 1015 2868 roro
1032 2819 1178 2885 praedandi

652 2889 771 2948 sumre,
788 2879 879 2936 docuit
895 2881 965 2936 Oud.
984 2885 1026 2936 M.

681 2959 854 3030 polliceretur.
873 2959 916 3014 Al.
932 2961 1128 3030 pollicitantem

684 3041 746 3093 Ita·
766 3040 852 3109 Vulgo
871 3043 962 3113 ltaque
977 3053 1069 3098 contra
1085 3053 1176 3100 ancto-

651 3109 758 3162 ritatem
775 3107 906 3162 bonorum
924 3109 1002 3166 codd.

684 3209 845 3271 ooaapatione
869 3205 945 3276 Mag.
964 3208 1026 3278 quia
1046 3208 1179 3274 Magistra·

651 3277 695 3323 tus
724 3270 855 3341 prohibiti
883 3281 958 3325 erant
986 3277 1176 3346 occupatione,

650 3355 702 3408 quo
713 3340 801 3390 miuus
812 3349 974 3392 occurrerent
985 3340 1075 3406 malo,
1086 3359 1180 3462 guau-

650 3413 709 3456 turn
733 3423 837 3458 necem
862 3414 937 3458 esset.
966 3405 1014 3462 Sic
1034 3405 1069 3460 de
1108 3407 1178 3463 .Al.

649 3489 673 3524 a.
696 3471 712 3523 3
751 3471 849 3525 dicitur
872 3472 966 3544 aliquia
991 3483 1092 3528 tentare
1119 3477 1178 3530 isara

649 3479 760 3620 populi,
789 3541 962 3610 occupatione
987 3539 1071 3603 belli,
1095 3540 1122 3594 lr.
1151 3563 1176 3596 e.

625 3621 627 3624 ⁵
650 3623 714 3686 Ῥω
732 3604 862 3676 P⁰P¹¹¹⁰⁵r
888 3605 1040 3676 prohibitus
1062 3625 1178 3681 occupa-

651 3682 724 3726 none
734 3681 762 3725 et
778 3673 1006 3728 administratione
1025 3673 1107 3738 belli,
1120 3695 1177 3734 non

649 3741 714 3794 antis
728 3739 854 3859 trigilarc‘l
865 3749 945 3862 atqp:
967 3744 1108 3862 ²⁰Ell.{¹¹“
1127 3763 1176 3800 sua

649 3818 726 3946 Kl'dgl
739 3805 922 3946 &guniperiti
933 3827 994 3938 ,mid
1009 3827 1103 3930 dddein
1120 3827 1177 3946 {idi-

649 3943 735 4008 tiuet3
758 3949 799 3995 est
822 3943 897 3994 enim
917 3943 1057 4014 occupatio
1079 3943 1177 4012 Maps-

650 4017 787 4090 tentatam.
804 4026 885 4128 guam
896 4009 1042 4065 effsoemns
1055 4019 1108 4062 tem
1127 4029 1175 4092 ora

649 4085 710 4130 asta.
739 4075 782 4129 (ll.
826 4113 832 4128 .
855 4075 890 4130 G.
909 4085 941 4140 4.
973 4081 1011 4129 aa.
1031 4095 1079 4142 pro
1144 4095 1175 4132 ue

649 4143 885 4214 occupationellei
946 4141 1173 4214 'etdfacsnn

649 4212 687 4263 Μ.
709 4207 876 4264 lllarclnudus
893 4209 911 4264 l.
928 4228 952 4264 c.
970 4208 1048 4266 rerba
1070 4222 1096 4262 et
1112 4223 1176 4264 um·
1242 4213 1245 4222 '

646 4295 740 4348 porum
759 4278 848 4346 potins
865 4285 928 4348 post
944 4295 1031 4330 rerum
1055 4285 1175 4332 aarum

651 4343 781 4416 ponenda.
808 4343 876 4397 Puto
903 4343 1129 4414 intelligendum,
1147 4357 1174 4400 at

648 4417 750 4466 rationo
767 4423 916 4483 naporum.
