3000 5268
350 387 438 483 190

707 385 764 446 DE
800 383 934 443 BELLO
969 385 1091 444 onim.

341 585 473 658 urbem
501 609 589 658 curn
621 587 778 686 imperio
808 583 1035 686 reipublicae
1066 607 1195 658 caussa
1227 589 1434 672 remaneret,

342 728 436 802 quos
463 729 509 776 cx
533 703 721 802 Cisalpina
748 703 869 776 Gallia
895 702 1068 776 Consulis
1088 710 1327 776 sacramento
1348 727 1436 802 roga-

340 823 479 908 visset,
496 819 543 892 ad
563 821 668 919 signa
695 820 894 893 convenire
912 827 951 892 et
969 821 1015 892 ad
1034 843 1073 890 se
1092 819 1277 917 proficisci
1298 820 1435 890 iuberet:

340 937 468 1032 magui
497 936 673 1006 interesse
706 937 819 1008 etiam
847 935 885 1005 in
911 933 1096 1032 reliquum
1129 941 1282 1031 tempus
1308 933 1352 1002 ad
1376 931 1438 1028 opi·

341 1053 490 1124 nionem
519 1051 662 1124 Galliae
689 1053 927 1138 existimem,
950 1057 1077 1124 tantas
1104 1049 1223 1124 videri
1253 1048 1379 1123 ltaliae
1402 1047 1439 1117 la·

341 1165 523 1254 cultatcs,
542 1175 605 1254 ut,
623 1167 653 1238 si
672 1165 762 1263 quid
789 1174 885 1238 essct
905 1168 941 1238 in
961 1165 1059 1238 bello
1090 1164 1309 1237 detrimenti
1334 1186 1440 1257 accep

338 1287 447 1372 tum,
467 1308 540 1356 non
560 1281 673 1354 modo
698 1281 737 1354 id
763 1281 866 1354 brevi
894 1287 1063 1382 tempore
1090 1285 1242 1367 sarciri,
1263 1281 1438 1354 sedetiam

339 1398 544 1470 maioribus
563 1396 741 1500 adaugeri
767 1397 883 1494 copiis
901 1401 1038 1495 posset.
1064 1396 1173 1488 Quod
1201 1419 1327 1493 quum
1353 1395 1439 1466 Poni-

338 1514 445 1610 peius
472 1517 511 1584 et
538 1512 761 1610 reipublicae
779 1516 817 1584 et
836 1513 1022 1584 amicitiae
1050 1513 1265 1600 tribuisset,
1291 1503 1441 1582 celeriter

338 1629 513 1704 confecto
540 1654 605 1727 per
630 1653 717 1700 suos
744 1626 905 1711 dilectu,
924 1628 1045 1702 tribus
1072 1633 1158 1701 ante
1184 1633 1362 1701 exactam
1383 1624 1441 1694 hie

256 1825 261 1840 1
342 1766 440 1816 mem
469 1750 507 1815 et
533 1743 749 1814 constitutis
776 1747 814 1814 et
839 1741 1010 1814 adductis
1036 1740 1268 1842 legionibus,
1297 1735 1441 1835 duplica·

338 1861 454 1952 toque
470 1878 599 1928 earum
615 1855 828 1928 cohortium
843 1879 1020 1948 numero,
1035 1881 1126 1953 quas
1145 1879 1233 1928 cum
1251 1857 1301 1946 Q.
1315 1850 1440 1924 Titurio

339 1976 536 2062 amiserat,
554 1977 593 2046 et
611 1972 801 2046 celeritate
828 1978 867 2046 et
894 1975 1010 2072 copiis
1037 1973 1187 2064 docuit,
1205 1969 1301 2069 quid
1327 1961 1439 2065 Populi

337 2092 498 2166 Romani
527 2089 718 2190 disciplina
745 2097 858 2187 atque
885 2112 973 2188 opes
1000 2093 1162 2188 possent.

391 2211 426 2280 t.
453 2205 657 2280 Interfecto
684 2209 964 2296 Indutiomaro,
991 2210 1034 2278 ut
1059 2201 1280 2294 docuimus,
1307 2196 1439 2272 adeius

333 2491 374 2536 est
403 2482 431 2533 in
463 2483 617 2554 proximum
647 2477 861 2550 quinquennium

335 2549 463 2620 Hispania
477 2549 627 2618 provincia,
641 2563 718 2618 quem
733 2563 781 2615 pru
792 2543 863 2596 Con-

333 2617 390 2668 sule
408 2615 618 2672 administraret,
638 2614 862 2683 permissumque,

332 2693 362 2736 ut
379 2701 462 2752 quos,
487 2691 554 2798 quot
581 2699 710 2740 numero,
727 2689 754 2729 et
777 2678 863 2730 unde-

332 2768 445 2818 cumque
462 2748 555 2809 velet,
572 2747 670 2798 milites
686 2745 863 2797 conscriberet

332 2823 373 2882 (v.
387 2815 439 2867 Dio
456 2813 528 2900 Caps.
547 2813 671 2932 391133).
694 2814 862 2892 anseripsit

332 2877 764 3018 ilgbisiipul'i‘iiliuiieiiiillf
782 2889 862 3000 ‘diii

331 3036 393 3076 reru
413 3017 517 3070 abitum
535 3019 562 3070 in
601 3017 746 3068 rovinciam
769 3025 859 3086 parat,

331 3087 460 3139 resistunt
477 3086 501 3136 ei
520 3035 629 3157 quidlim
654 3082 755 3136 tribuni
794 3081 860 3135 lehis

330 3163 358 3205 et
376 3151 531 3224 perliciuut,
550 3161 597 3218 ut,
616 3151 703 3203 missis
721 3152 749 3202 iu
794 3153 859 3230 ispa·

330 3225 404 3274 iriam
430 3219 533 3273 Petreio
557 3229 585 3272 et
601 3219 713 3272 Afranio
739 3217 860 3286 Legutrs,

330 3289 388 3360 ipse
399 3289 537 3357 Pompeius
551 3289 579 3340 iu
592 3285 668 3338 ltalia
679 3293 794 3337 restaret.
807 3285 859 3338 Cui

330 3375 432 3417 murae,
446 3373 478 3406 ue
490 3364 595 3408 coactns
607 3361 703 3405 restare
715 3352 859 3412 videretur,

330 3423 398 3477 liene
409 3441 527 3476 caussam
538 3423 701 3493 praetexuit,
713 3439 741 3471 se
753 3421 790 3470 rei
805 3421 859 3472 lru·

330 3493 474 3544 meritoriae
492 3487 650 3552 crusnam
667 3495 706 3538 est
722 3505 781 3555 ergo
799 3486 824 3538 h.
839 3485 858 3538 l.

330 3559 403 3627 opud
420 3559 570 3609 Caesarem:
596 3553 746 3624 reipublicae
769 3573 859 3605 uarsssu

298 3631 300 3638 ⁴
330 3629 472 3682 remouere)
485 3634 580 3676 restare
593 3623 656 3686 (Diu
668 3621 740 3674 Cass.
750 3621 796 3687 39,
806 3621 858 3688 39),

320 3696 404 3746 'cuius
434 3711 492 3745 crim
517 3694 541 3744 ei
569 3690 637 3743 duos
665 3700 726 3742 aute
755 3707 856 3750 annos,

329 3762 454 3812 Cicerone
471 3769 592 3822 auctore,
605 3777 666 3810 cum
680 3757 859 3828 procunsulari

330 3829 444 3898 irnperio
463 3829 489 3878 in
508 3827 724 3906 quinquennium
745 3824 857 3876 doman-

329 3895 390 3948 data
410 3903 473 3946 erat.
495 3899 540 3958 (v.
560 3894 614 3946 Cre.
636 3912 683 3964 pro
700 3893 777 3944 Dum.
797 3911 819 3942 c.
841 3902 856 3956 4

328 3982 387 4033 sqq.
406 3971 433 4014 et
452 3961 503 4012 Dio
520 3961 592 4012 Coss.
607 3959 652 4027 39,
667 3977 690 4026 9.
704 3959 750 4010 ubi
769 3957 856 4010 Fabri·

328 4028 480 4148 flielllii
494 4028 626 4148 appuis>
635 4028 729 4147 i⁰¹¹¹¹²
745 4045 805 4145 ”ili
822 4025 857 4146 ”i

329 4119 460 4224 linianum
471 4134 506 4213 s'd
518 4113 855 4232 ecepidfiiiscloidlidllblm

330 4239 470 4302 pateretur.
502 4229 606 4282 Adnuit
631 4230 783 4299 Pompeius·
809 4227 856 4279 sed

328 4296 380 4348 srrb
399 4297 476 4347 initia
494 4295 556 4347 belli
574 4295 659 4349 civilis
683 4296 748 4349 hunc
783 4297 856 4361 egio·
960 4302 966 4316 '

328 4381 391 4414 nrm
404 4365 468 4413 sutis
481 4361 573 4414 callide
587 4382 601 4414 e
614 4364 722 4414 (laesere
734 4361 854 4422 nbrlnnit,

260 4497 278 4517 η
326 4449 381 4502 quo
393 4431 487 4484 canu
500 4447 554 4483 nou
568 4447 663 4501 perum
674 4431 793 4484 ulleusus
806 4438 855 4490 cst,

928 2477 1006 2547 quusi
1017 2474 1160 2548 Pompeius
1178 2477 1270 2550 ipsum
1290 2473 1411 2530 militibus
1421 2475 1440 2519 et

927 2543 1025 2616 opibus
1042 2545 1189 2616 exspoliare
1205 2547 1289 2599 vellet
1307 2543 1369 2620 (uid¹
1386 2537 1439 2589 inssi

928 2611 962 2664 de
980 2611 1040 2664 bell.
1059 2612 1129 2664 Gall.
1149 2615 1177 2672 Β,
1191 2619 1279 2678 biset
1296 2602 1439 2684 Appiande

928 2678 1055 2799 neu
1076 2682 1133 2798 u·
1152 2678 1440 2802 ‘suriunt

1059 2785 1072 2825 ,Ι
1147 2765 1195 2817 pru
1217 2767 1250 2800 eu
1265 2763 1340 2800 rssnn
1414 2807 1418 2816 Ι

927 2813 1327 2934 astisterunt
1339 2813 1440 2930 uu

927 2947 992 3002 belli
1007 2948 1099 3000 civilis.
1124 2949 1167 3002 M.

960 3043 1112 3084 remuneret.
1131 3030 1283 3086 sicunde
1294 3025 1367 3084 codd·
1375 3017 1438 3086 '⁰18⁰

926 3112 1051 3150 muneret.

959 3177 1069 3229 couudts
1080 3187 1248 3228 ammento.
1260 3175 1292 3229 Si
1304 3189 1361 3225 rere
1374 3163 1438 3219 lectio

927 3253 978 3305 est.
997 3246 1018 3297 si
1056 3243 1157 3297 ificublt
1178 3251 1382 3296 aeramentum.
1397 3248 1438 3302 Ψ

926 3263 1127 3379 Consullnndigit
1146 3309 1244 3362 milites
1253 3349 1261 3372 ,
1281 3329 1335 3380 quo
1351 3322 1390 3356 eus
1400 3297 1438 3378 ‘ult

926 3381 1043 3446 stringit.
1074 3379 1127 3434 Sed
1150 3375 1263 3429 libenter
1289 3371 1378 3429 accedo
1399 3383 1437 3443 ¹.¹⁵'

926 3447 973 3564 qui
998 3447 1096 3498 Consul
1113 3445 1162 3514 legi
1179 3445 1283 3496 volunt.
1313 3443 1437 3514 Porupqss'⁸

950 3514 1024 3566 uuuil
1032 3514 1157 3566 dilectum
1166 3511 1308 3573 babuerat,
1318 3519 1344 3561 et
1355 3503 1436 3557 nullst-⁴

926 3591 1025 3701 titt
1043 3577 1435 3700 tttttfflt’d't‘lltitet!

925 3722 1012 3766 terum
1030 3715 1064 3766 cl'.
1083 3713 1142 3765 lnd.
1160 3715 1189 3765 in
1206 3723 1392 3765 sacramentum
1402 3699 1433 3778 Μ·

924 3781 971 3834 Ph.
1005 3782 1138 3836 Rubenius
1165 3779 1273 3834 uolebat
1301 3771 1397 3846 Consul¹
1416 3781 1433 3814 1⁸

924 3848 1031 3901 divisim
1054 3847 1136 3901 Elect.
1158 3867 1186 3913 r,
1208 3853 1255 3909 rs..
1273 3846 1319 3900 sed
1342 3843 1434 3894 'lautus

924 3919 1003 3968 eliasu
1022 3915 1103 3970 habet
1120 3915 1191 3984 adigi
1208 3923 1362 3967 sacramento
1378 3906 1433 3978 ΟΜ·

925 4003 1029 4044 surum,
1056 3981 1173 4046 Vitellii,
1202 3983 1362 4050 Vespasiani.
1383 3965 1432 4020 Vul-

923 4051 992 4170 fflst.
1022 4069 1052 4109 ι,
1071 4057 1110 4115 76.
1143 4051 1267 4103 mlvoum
1290 4047 1432 4101 cananeum

927 4119 932 4129 “
956 4137 1001 4170 .c.
1022 4123 1060 4170 55.

959 4201 1059 4250 sarciri.
1088 4193 1208 4268 Plerique
1226 4194 1302 4250 codd.
1320 4184 1430 4246 resarum

957 4347 1088 4416 adaugeri.
1106 4343 1182 4400 Alius
1199 4347 1298 4414 augeri.

957 4432 1136 4506 utxrlocuinuss·
1153 4429 1214 4484 Vid.
1233 4434 1262 4489 5,
1282 4431 1320 4479 58.
1338 4417 1376 4476 Μ·
