3068 5260
480 355 561 418 ne.
595 355 624 418 r.
658 355 751 418 css.
790 310 901 442 3-5.Ι
1017 266 1022 275 Ι
1217 361 1244 458 9

118 561 324 640 bominum
357 559 460 636 milis
494 561 650 651 decern,
684 561 849 661 undique
884 561 1010 664 co'e‘git
1043 567 1082 636 et
1117 585 1248 636 omnes

119 676 282 751 clientes
305 675 576 775 obaeratosque
593 701 680 751 suos
694 700 718 766 ,·
732 701 893 776 quorum
913 699 1091 778 magnum
1110 699 1249 748 nurne-

33 783 36 790 ⁴
123 809 215 864 rum
232 789 426 874 habebat,.
443 791 575 864 eodem
594 791 795 866 conduxitr
823 815 889 891 per
908 814 991 880 eos,
1010 815 1056 864 ne
1075 813 1249 864 caussam

123 901 296 1002 diceret,
322 930 362 981 se
388 905 542 1006 eripuit·
561 909 690 999 Quum
719 909 878 998 civitas,
904 906 952 980 ob
980 932 1062 980 eam
1087 933 1168 980 rem
1193 907 1249 980 in·

126 1023 270 1114 citata,
295 1023 408 1098 armis
425 1024 483 1096 ius
500 1046 612 1096 suum
631 1025 782 1122 exsequi
801 1029 1023 1112 conaretur,
1040 1023 1251 1098 multitudi-

124 1162 291 1238 nemque
326 1137 521 1212 hominum
556 1163 603 1212 ex
637 1139 736 1239 agris
768 1139 1012 1239 magistratus
1043 1148 1249 1240 cogerent,
1296 1235 1297 1238 Ἴ

126 1253 334 1356 Orgetorix
369 1259 542 1360 mqrtuus
575 1259 654 1326 est:
692 1275 813 1350 neque
847 1253 954 1326 abest
988 1253 1180 1352 suspicio,
1204 1260 1249 1327 ut

126 1369 295 1446 Helvetii
331 1371 590 1474 arbitrantur,
625 1367 716 1468 quin
750 1371 828 1470 ipse
859 1369 930 1444 sibi
962 1375 1125 1444 mortem
1150 1395 1250 1448 con·-

126 1489 297 1564 sciverit.
410 1489 435 1514 ‘'

181 1605 219 1682 b.
236 1607 327 1680 Post
344 1605 425 1678 cius
441 1607 607 1696 mortem
625 1600 740 1674 nihilo
757 1602 881 1676 minus
898 1601 1060 1678 Helvetii
1079 1603 1131 1694 id,
1148 1604 1250 1705 quod

129 1719 427 1807 constituerant,
452 1701 574 1791 iacere
601 1722 807 1802 conantur,
835 1724 880 1792 ut
897 1743 917 1791 e
935 1717 1071 1792 finibus
1089 1719 1164 1791 suis
1183 1743 1250 1792 ex-

128 1843 233 1912 eant.
258 1837 332 1910 Ubi
357 1837 434 1910 iam
460 1859 499 1910 se
526 1833 573 1908 ad
600 1857 682 1906 eam
709 1857 788 1906 rem
808 1842 956 1933 paratos
971 1859 1051 1908 esse
1078 1836 1250 1910 arbitrati

126 1957 241 2042 sunt,
257 1949 393 2048 oppida
409 1973 477 2022 sua
494 1949 642 2038 omnia,
660 1971 818 2022 numero
835 1947 882 2022 ad
901 1947 1123 2040 duodecim,
1146 1951 1250 2024 vicos

126 2063 178 2140 ad
196 2064 510 2164 quadringentos,
525 2061 669 2160 reliqua
682 2063 830 2161 privata
845 2061 1014 2165 aedificia
1027 2061 1251 2156 incendunt,

132 2177 366 2252 frumentum
402 2201 533 2268 omne,
573 2183 722 2276 praeter
761 2175 863 2274 quod
900 2201 1029 2252 secum
1063 2179 1251 2276 portaturi

126 2301 267 2380 eram,
297 2291 553 2382 comburunt,
581 2299 652 2383 ut,
677 2293 832 2368 domum
858 2291 1050 2368 reditionis
1076 2319 1140 2392 spe
1166 2297 1252 2369 sub-
1340 2321 1342 2326 ·

128 2405 229 2498 lata,
254 2409 459 2508 paratiores
477 2407 524 2480 ad
543 2409 669 2482 omnia
696 2405 862 2508 pericula
887 2405 1081 2480 subeunda
1107 2415 1252 2514 essenis

119 2527 248 2602 trium
283 2525 469 2601 mensium
503 2522 634 2597 molita
660 2524 800 2598 cibaria
826 2524 896 2598 sibi
923 2547 1111 2623 quemque
1137 2525 1251 2601 domo

128 2637 259 2714 efferre
282 2641 436 2714 iubent.
469 2637 699 2712 Persuadent
733 2640 913 2714 Rauracis
948 2645 987 2712 et
1018 2637 1187 2741 Tulingis
1214 2647 1254 2716 et
1321 2725 1324 2730 ,

126 2753 339 2853 Latobrigis
368 2752 569 2844 finitimis,
597 2754 681 2862 ¹¹52
711 2733 842 2828 eodem
870 2754 926 2828 usi
960 2751 1143 2844 consitio,
1182 2779 1252 2854 op·

128 2869 225 2968 pidis
251 2870 326 2942 suis
352 2869 707 2968 vicisqueexustis,
733 2893 809 2942 una
830 2883 922 2950 'cum
940 2870 984 2958 iis
1010 2871 1250 2970 proficiscan-

127 2993 221 3060 tur:
242 2986 469 3081 ⁴Boiosque,
500 2954 570 3080 'iqui
607 2990 710 3057 trans
743 2985 919 3058 Rhenum
950 2985 1187 3072 incoluerant
1214 2995 1254 3062 et

127 3089 167 3164 in
201 3111 333 3186 agrum
366 3007 568 3216 Noriqirmq
584 3089 812 3178 transierant
843 3088 1097 3186 Noreiamque
1131 3091 1254 3190 obpu-

128 3208 320 3302 gnaraut,
344 3208 517 3370 recepqss
542 3197 591 3274 ad
617 3225 657 3274 se
682 3202 804 3276 soeios
827 3203 896 3275 sibi
923 3202 1150 3276 adsciscunt.
1236 3301 1238 3312 Ι

126 3401 232 3470 golibm
253 3401 403 3454 naman
426 3417 531 3470 apuam
549 3401 656 3456 dobant.
761 3405 880 3473 minsis
904 3417 930 3457 et
951 3405 1109 3474 Latobrigis.
1135 3405 1252 3460 Istorum

128 3487 155 3518 v.
174 3468 231 3522 ind.
254 3469 298 3521 Μ.
323 3468 376 3522 Pro
392 3487 465 3520 maor
486 3469 532 3522 atii
556 3469 657 3526 babent
724 3473 880 3532 memoriam
917 3482 1001 3525 servat
1036 3471 1168 3542 hodieque
1202 3491 1251 3524 no-

129 3539 179 3590 stu'.
197 3552 221 3587 r.
242 3535 416 3606 Oudendorp.
725 3557 787 3591 men
813 3538 909 3656 oqpidi
932 3539 1108 3610 Stubgb'ugen
1129 3541 1158 3592 in
1182 3540 1252 3594 Sue·

165 3603 312 3671 Orgetorix
339 3615 455 3656 mortuus
484 3616 530 3659 ert.
565 3603 658 3670 Celsus
725 3607 793 3672 viu3
854 3624 883 3658 os
911 3623 990 3658 nemo
1024 3609 1108 3658 norit.
1140 3606 1252 3660 Codices

129 3669 207 3724 addit
223 3674 251 3720 in
267 3687 377 3722 earcere.
724 3689 786 3724 vero
803 3671 921 3724 offerunt
945 3701 977 3712 —
993 3673 1147 3734 mouns,
1174 3675 1252 3724 Lato·

164 3755 197 3806 op
213 3736 260 3788 ida
276 3765 310 3776 -
325 3765 358 3776 -
377 3737 657 3800 imendomAEthaec,
725 3733 805 3800 bitis,
838 3739 984 3801 Βαιονίσίι,
1021 3739 1091 3796 unde
1125 3739 1251 3794 Oudend.

128 3812 159 3860 ,et
175 3805 208 3858 e'
244 3803 276 3856 de
293 3803 336 3857 his
357 3803 541 3864 Helvetiorum
558 3805 658 3865 rebus,
726 3805 871 3878 exoeulpsit
895 3818 921 3856 er
946 3806 1000 3858 late
1027 3810 1092 3862 vicis
1109 3807 1252 3888 finitimis,

131 3889 303 3991 ffrrqruquarq1
310 3873 581 3991 rummatqnffittigit
598 3872 659 3924 Plu·
711 3873 799 3992 'qqsod
817 3882 905 3927 umen
923 3889 972 3926 nec
989 3873 1043 3946 ipsi
1067 3881 1131 3928 rates
1156 3874 1252 3946 probe·

162 3957 215 3991 rer.
234 3956 264 3989 m
304 3957 355 3992 ees.
374 3957 398 3990 c.
451 3975 457 3988 .
511 3975 518 3988 .
758 3958 778 3992 r.

163 3995 270 4072 praeter
288 3955 442 4074 (id1quod.
460 4003 618 4059 (saltus
636 4023 659 4066 r,
759 4007 838 4058 Boios
866 4033 899 4064 .-,·
923 4019 1035 4078 receptos
1060 4007 1096 4060 ad
1121 4027 1148 4060 se
1169 4013 1252 4061 rosim

133 4077 178 4130 16.
202 4073 395 4141 praeterquod
418 4089 497 4141 supra
514 4077 598 4142 posui.
615 4073 658 4126 M.
726 4074 774 4126 sibi
790 4073 955 4137 adsciscunt,
983 4077 1001 4126 i.
1025 4094 1047 4128 e.
1075 4076 1178 4130 foedere
1198 4075 1252 4129 sibi

131 4139 188 4192 Alii
202 4151 309 4208 procur
419 4139 498 4208 quod·
533 4211 534 4214 Ἴ
626 4147 627 4150 ’
726 4159 771 4194 eos
810 4141 934 4211 iungunt.
968 4143 1111 4214 Recipiunt
1142 4161 1187 4196 eos
1218 4143 1253 4196 sd

166 4205 271 4274 domum
321 4207 429 4268 firtonis.
447 4217 478 4260 ut
497 4206 569 4278 apud
584 4205 659 4259 Plau·
724 4227 769 4270 se,
801 4216 829 4260 et
854 4209 964 4278 quidem
994 4211 1031 4262 ita
1060 4209 1095 4262 ed
1125 4229 1152 4263 se
1183 4213 1251 4269 reci·

131 4271 570 4344 sumamph.1,3‚21.·eurauo
592 4291 656 4336 rear.
712 4287 714 4292 ’
746 4277 826 4337 inor,
856 4276 908 4328 sibi
943 4277 1113 4339 adsciscunt.
1143 4285 1176 4330 nt
1207 4295 1251 4330 eor

167 4338 259 4390 natea
282 4339 396 4402 ciboria,
420 4342 540 4417 farinam.
563 4341 594 4393 In
619 4359 657 4412 gr.
725 4293 842 4396 babeant
859 4344 951 4398 socios.
975 4345 1021 4410 M2

131 4405 264 4480 prompte.
283 4416 331 4458 εει
345 4407 437 4477 ἅλμα.
456 4406 499 4461 M.
758 4409 895 4480 Neretum.
921 4412 967 4472 Sic
991 4420 1091 4466 reterre
1115 4409 1195 4474 libri,
1223 4417 1251 4465 et

236 4499 391 4587 CAESAR.
419 4499 619 4578 Commerui
669 4506 779 4590 Tum.
806 4505 835 4592 l,
1015 4505 1046 4590 B

710 4746 829 4795 t.-
