3068 5260
404 381 483 439 mn.
518 379 544 440 1.
581 380 672 440 cnr.
713 346 923 485 31-33„
1139 321 1197 476 37

87 582 198 656 nibus
237 582 429 681 Sequanos
469 583 560 657 nihil
602 609 732 660 earum
764 612 890 661 rerum
924 589 1077 678 facere,
1109 609 1203 688 quas

86 699 203 770 ceteri
226 697 393 771 facerent
411 725 422 786 3
448 699 512 770 sed
531 699 656 774 tristes
675 756 686 786 ,
712 703 834 802 capite
853 689 1037 791 de'misso,
1062 707 1204 776 terram

87 813 239 886 intueri.
281 815 371 886 Eius
415 816 468 886 rei
512 841 641 888 caussa
679 840 775 914 quae
815 823 911 890 esset
952 817 1108 890 miratus
1156 839 1204 888 ex

87 927 177 1026 ipsis
216 929 383 1025 quaesiit.
425 929 526 1002 Nihil
569 931 730 1028 Sequani
769 929 1021 1029 respondere,
1061 927 1125 1002 sed
1164 931 1204 1001 in

88 1039 220 1114 eadem
247 1044 399 1116 tristitia
424 1046 529 1118 taciti
558 1069 787 1144 permanere.
821 1047 950 1140 Quum
976 1044 1022 1115 ab
1049 1044 1093 1114 iis
1120 1067 1204 1114 sae-

88 1160 173 1256 pius
199 1167 423 1257 quaereret,
454 1185 572 1258 neque
601 1160 713 1234 ullam
741 1163 894 1234 omnino
920 1185 1057 1246 vocem
1083 1161 1204 1258 expri-

88 1296 193 1344 mere
233 1281 386 1370 posset‚
428 1275 528 1348 idem
563 1277 772 1350 Divitiacus
799 1275 950 1350 Aeduus
981 1276 1228 1374 responditz·

88 1392 171 1464 Hoc
199 1417 275 1466 esse
304 1398 524 1467 miseriorem
557 1398 825 1493 gravioremque
847 1384 1046 1489 fintenum
1071 1392 1204 1492 Sequo-

89 1533 241 1597 norum,
271 1533 359 1607 proe
383 1510 624 1606 reliquorum,
643 1508 738 1607 quod
754 1509 884 1580 soline
902 1511 941 1578 in
966 1507 1103 1579 occulto
1128 1511 1208 1606 pui-

90 1623 172 1695 dem
202 1629 331 1734 pueri,
363 1651 427 1698 nec
452 1617 630 1696 auxilinm
655 1625 834 1720 inplorare
863 1622 1059 1711 auderent,
1084 1613 1207 1696 absen-

90 1741 207 1833 tisque
232 1735 407 1812 Ariovisti
429 1738 701 1828 crudelitatem,
726 1741 819 1812 velut
843 1742 879 1809 si
902 1763 1023 1809 coram
1048 1739 1205 1822 adesset,

91 1847 307 1927 horrerent:
341 1867 526 1950 propterea
560 1853 656 1950 quod
688 1854 835 1951 reliqens
867 1864 985 1925 tamen
998 1850 1124 1950 segue
1134 1853 1207 1946 sa-

91 1967 208 2039 calcas
242 1967 408 2052 duretam
441 1965 614 2066 Sequanis
649 1993 754 2054 vero,
787 1972 852 2065 qni
880 1973 976 2040 intra
989 1961 1091 2061 fines
1120 1994 1206 2040 suos

90 2081 315 2156 Ariovistum
341 2089 582 2180 recepissent,
607 2109 757 2181 quornm
780 2082 912 2180 oppidu
938 2089 1057 2154 omniu
1082 2085 1122 2153 in
1143 2109 1207 2180 po·

45 2281 49 2286 Ι
91 2209 217 2269 testate
258 2201 335 2270 eius
383 2214 538 2290 essent,
579 2226 699 2272 ornnes
741 2203 923 2270 cruciatus
963 2207 1080 2268 essent
1121 2221 1209 2294 per·
1321 2183 1323 2188 ’

74 2313 244 2420 firerrde'.

147 2431 208 2508 33.
235 2433 303 2506 llis
329 2431 440 2505 rebus
466 2433 651 2532 cognitis,
678 2433 813 2506 Caesar
840 2427 1037 2504 Gallorum
1062 2427 1207 2501 animos

93 2550 220 2630 ¹verbis
244 2549 513 2640 confirmavit,
539 2549 799 2649 pollicitusque
818 2552 899 2635 est,
925 2545 995 2616 sibi
1021 2567 1104 2615 eam
1123 2567 1205 2615 rem

93 2687 208 2743 curae
235 2665 433 2751 futuram:
470 2687 646 2764 magnam
685 2688 723 2736 se
750 2661 885 2734 habere
912 2683 1041 2770 spem,
1080 2661 1120 2728 et
1144 2655 1210 2728 be·

93 2779 228 2851 neficlo
267 2803 336 2851 suo
383 2787 423 2854 et
462 2781 686 2852 auctoritate
734 2775 942 2848 adductum
975 2769 1210 2852 Ariovistum

93 2891 206 2966 finem
231 2893 374 2966 iniuriis
401 2895 603 2968 facturum.
637 2895 718 2966 Hac
745 2889 912 2963 oratione
938 2884 1091 2972 habita,
1119 2905 1209 2954 con-

93 3007 224 3080 cilium
259 3009 427 3102 dimisit,
466 3016 505 3084 et
535 3009 742 3084 secundum
777 3031 821 3080 ea
852 3003 993 3078 multae
1033 3025 1093 3074 res
1122 3023 1210 3071 eum

91 3125 372 3212 hortabantur,
413 3151 527 3226 quare
567 3127 635 3199 sibi
662 3149 746 3198 eam
784 3147 865 3196 rem
898 3119 1139 3220 cogitandam
1165 3122 1206 3188 et

92 3242 365 3342 suscipiendam
409 3249 588 3342 putaret3
631 3241 670 3314 in
713 3239 843 3340 primis
887 3237 988 3336 quod
1031 3233 1206 3321 Aeduos,

93 3361 230 3435 fratres
270 3360 636 3460 consanguineosque
670 3343 936 3456 saepenumero
977 3353 1024 3428 ab
1064 3353 1208 3433 Senatu

93 3473 328 3575 adpellatos,
370 3477 408 3549 in
446 3475 629 3548 servitute
663 3481 776 3572 atque
806 3477 845 3546 in
876 3473 1016 3552 ditione
1056 3461 1211 3550 videbat
1254 3541 1255 3544 ,
1362 3481 1367 3488 “

95 3595 374 3680 Germanorum
406 3591 551 3681 teneri,
586 3613 790 3688 eorumque
824 3587 970 3661 obsides
1004 3611 1082 3660 esse
1108 3583 1210 3684 apud

93 3709 330 3785 Ariovistum
349 3734 392 3781 ac
411 3709 603 3804 Sequanos
621 3705 884 3805 intellegebat:
912 3703 1012 3801 quod
1035 3703 1074 3774 in
1100 3709 1208 3775 tanto

93 3827 253 3928 imperio
284 3823 417 3925 Populi
449 3825 612 3898 Romani
637 3823 893 3924 turpissimum
919 3821 989 3896 sibi
1015 3825 1055 3894 et
1088 3820 1210 3918 reipu-

128 4027 313 4098 proconesio
344 4025 409 4080 boni
439 4025 514 4084 codd.
540 4023 620 4096 vulgo
719 4021 839 4096 beneficio
854 4041 907 4086 etto.
922 4021 964 4074 Cf.
980 4039 1003 4076 c.
1018 4021 1058 4072 35.
1072 4017 1208 4099 Plutarch.

93 4099 228 4166 quaesivit.
685 4093 714 4146 iu
730 4091 802 4171 (ἰαθῇ.
811 4109 868 4161 cap.
881 4107 918 4157 19·
928 4101 1020 4160 Καῖσαρ
1037 4094 1075 4143 τὶν
1098 4095 1210 4158 spaten-

125 4173 221 4232 pomt.
240 4159 273 4214 al.
288 4173 400 4230 possent.
685 4185 724 4215 rou
741 4163 762 4214 lu
792 4163 862 4226 etna
883 4162 1004 4277 σὺμμϊῗον
1017 4160 1142 4219 italiense-
1163 4153 1207 4220 Cl-

125 4249 191 4299 prae
203 4227 278 4299 reliq.
296 4229 340 4282 Sic
351 4221 409 4281 cod.
429 4227 515 4286 Oxou.
531 4224 618 4296 Vulgo
683 4227 738 4280 Dio
750 4226 871 4286 Cass.38,
885 4223 925 4290 34.
1131 4290 1137 4301 .

92 4315 182 4368 quam.
711 4293 817 4364 fratres
830 4311 950 4359 consang.
964 4291 1018 4344 Cic.
1034 4288 1067 4343 ad
1080 4292 1160 4342 Attrc.
1182 4307 1205 4352 r,

54 4395 57 4406 ·
127 4377 223 4432 vumere.
232 4361 265 4414 al.
275 4373 387 4423 tanwm,
400 4362 471 4435 quod
481 4378 619 4444 perperam
662 4357 664 4362 ’
688 4377 726 4429 19.
736 4361 820 4414 Tacit.
835 4363 906 4412 Anu.
925 4363 1018 4418 rr,'25.
1033 4360 1144 4424 Eumae,
1158 4355 1208 4422 Pe·

94 4449 152 4498 pon
164 4449 243 4486 nemo
255 4427 387 4502 praetulit.
528 4437 532 4444 '
685 4448 773 4502 nrgyr.
782 4447 838 4500 cap.
849 4443 872 4480 2.
883 4428 989 4484 Cellae„
