3032 5266
471 341 551 416 nro.
584 341 627 403 11.
662 341 754 404 cre.
791 308 902 428 4-6.

1154 311 1250 440 437

96 609 100 614 ,
131 543 305 622 mesticis
331 539 486 642 opibus,
510 539 572 616 vel
589 543 753 632 externis
770 539 938 632 auxiliis,
955 539 1001 616 de
1018 539 1136 618 salute
1155 541 1264 618 urbis*

1 723 2 740 ,
135 657 408 750 confiderent..

1 823 3 865 ,
94 861 98 867 ¹
193 768 229 848 6.
255 773 465 864 Commisso
491 769 656 874 proelio,
679 770 969 862 Massiliensibus
993 793 1053 843 res
1078 767 1182 842 nulla
1207 767 1256 844 ad

137 894 324 966 virtutem
350 889 578 992 deluitzrsed
604 914 790 964 memores
807 878 937 964 eorum
957 896 1257 989 praeceptorum,

138 1029 237 1104 quaa
263 1003 388 1105 paullo
415 1010 502 1082 ante
528 1005 575 1081 ab
602 1005 678 1080 suis
699 1011 943 1104 acceperant,
961 1005 1032 1078 hoc
1052 1005 1177 1092 animo
1196 1003 1258 1074 de·

140 1123 359 1213 certabant,
386 1129 429 1196 ut
459 1118 602 1212 nullum
630 1121 730 1198 aliud
768 1128 918 1222 tempus
958 1120 1004 1194 ad
1040 1119 1257 1216 conandum

138 1237 306 1316 habituri
334 1237 571 1322 viderentur,
602 1244 662 1328 et,
688 1237 823 1335 quibus
849 1240 887 1309 in
913 1258 1039 1336 pugna
1066 1233 1166 1339 vitae
1195 1257 1259 1334 pe·

139 1350 302 1431 riculurn
325 1350 534 1442 accideret,
560 1352 635 1428 non
661 1353 719 1446 ita
745 1351 867 1426 multo
893 1374 932 1424 se
959 1348 1187 1446 reliquorum
1207 1349 1260 1420 ci·

115 1465 246 1541 ,vium
273 1464 395 1544 fatum
422 1465 643 1544 antecedere
669 1467 947 1554 existimarent,
973 1463 1129 1562 quibus,
1159 1463 1258 1552 ,urbe

1 1623 2 1632 κ
83 1649 87 1657 ,
140 1590 276 1681 capta,
301 1581 432 1654 eadem
457 1589 555 1662 esset
579 1579 665 1660 belli
678 1584 833 1658 fortuna
853 1581 1038 1682 patienda.
1072 1580 1260 1652 Diduotis·

140 1722 216 1795 que
243 1701 379 1776 nostris
406 1698 599 1797 paullatim
625 1701 811 1790 navibus,
834 1703 874 1775 et
899 1698 1057 1772 artificio
1075 1697 1260 1797 guberna·

140 1825 269 1892 torum
292 1815 492 1906 mobilitati
510 1817 663 1892 navium
682 1813 787 1892 locus
806 1815 966 1892 dabatur
984 1821 1045 1912 et,
1062 1815 1091 1886 si
1110 1813 1271 1910 quando

141 1934 264 2008 nostri
290 1932 509 2015 facultatem
537 1935 636 2006 nacti
664 1931 792 2007 ferreis
818 1932 990 2009 manibus
1016 1932 1161 2006 iniectis
1192 1957 1262 2008 na-

140 2073 230 2126 vem
257 2051 527 2149 religaverunt,
553 2048 716 2148 undique
739 2051 814 2122 suis
833 2048 1090 2124 laborantibus
1107 2071 1261 2124 succur-

139 2166 288 2255 rebant.
314 2168 442 2262 Neque
469 2187 559 2238 vero
585 2165 775 2240 coniuncti
790 2161 931 2238 Albicis
956 2164 1167 2236 comminus
1187 2189 1265 2262 pun,

75 2345 80 2350 .
140 2279 292 2379 gnando
319 2277 560 2362 deficiebant3
587 2300 706 2375 neque
725 2275 887 2368 multum
908 2275 1094 2350 cedebant
1115 2279 1259 2352 virtute

143 2400 299 2483 nostris:
326 2395 436 2468 simul
463 2420 509 2468 ex
535 2395 741 2470 minoribus
764 2394 919 2466 navibus
938 2415 1072 2492 magna
1091 2395 1147 2466 vis
1165 2397 1259 2468 emi·

142 2541 216 2590 nus
242 2519 352 2600 missa
378 2513 539 2591 telorum
561 2511 681 2594 multa
698 2513 853 2602 nostris,
882 2511 926 2584 de
940 2513 1173 2613 improviso,
1197 2515 1260 2588 iu·-

61 2691 64 2696 .
140 2629 389 2731 prudentibus
414 2635 527 2726 atque
554 2625 726 2738 inpeditis
745 2627 897 2704 vulnera
924 2626 1153 2702 inferebant=
1173 2653 1261 2702 con·

142 2749 381 2844 spicataeque
413 2767 526 2828 naves
566 2743 735 2822 triremes
770 2742 865 2818 duae
892 2762 1027 2817 navem
1055 2743 1100 2814 D.
1126 2742 1261 2833 Bruti,

120 2882 241 2962 uuae
267 2883 314 2940 ex
343 2858 475 2958 insigni
503 2857 610 2930 facile
649 2859 799 2956 agnosci
839 2863 1018 2957 poterat,
1044 2855 1188 2930 duabus
1214 2879 1261 2932 ex

145 2974 315 3071 partibus
341 2997 419 3048 sese
444 2973 482 3048 in
510 2993 591 3057 eam
620 2973 890 3052 incitaverant:
918 2971 980 3044 sed
1009 2976 1181 3060 tantum,
1221 2991 1262 3044 re

143 3093 318 3190 provisa,
341 3091 479 3168 Brutus
504 3088 694 3170 celeritate
723 3091 827 3164 navis
847 3091 968 3170 enisus
987 3096 1066 3179 est,
1085 3097 1126 3164 ut
1144 3111 1261 3188 parvo

145 3209 339 3278 momento'
366 3203 615 3280 antecederet,
655 3203 742 3284 lllae
770 3203 861 3276 aden
896 3207 1062 3304 graviter
1097 3207 1195 3281 iuter
1222 3227 1261 3276 se

145 3317 326 3412 incitatae
352 3318 623 3408 conflixerunt,
658 3325 702 3398 ut
729 3319 1051 3397 vehementissime
1081 3324 1261 3413 utraeque

146 3454 197 3516 ex
215 3456 399 3514 concursu
421 3432 650 3520 laborarent3
668 3433 785 3506 altera
801 3457 889 3512 vero
908 3433 1119 3539 praefracto
1139 3445 1262 3514 rostro

182 3637 323 3691 Commisso
343 3639 461 3708 aurelio,
485 3643 583 3706 interea
606 3640 672 3698 dum

146 3707 328 3758 committitur
346 3708 482 3777 proelium.
502 3713 536 3762 M.

179 3776 673 3844 praeceptorum.Suntidhortutiones,

146 3838 181 3902 de
199 3839 296 3910 quibus
313 3859 369 3911 cap·
388 3853 412 3908 l«
434 3845 472 3904 M.

738 3654 799 3688 cum
816 3636 986 3689 Hotomauno
1003 3635 1085 3709 legere
1100 3656 1197 3709 mogun
1217 3641 1250 3690 νί.

771 3721 868 3788 insigne
893 3718 1039 3770 Praetoriae
1057 3721 1131 3770 navis
1150 3721 1203 3771 suit
1219 3737 1264 3770 vs·

739 3784 835 3840 xillum
864 3803 1048 3856 purpureum,
1077 3787 1210 3839 interdum
1234 3794 1262 3838 st

739 3851 813 3906 aliud
831 3852 905 3922 qual.
924 3853 1003 3903 Cous.
1021 3852 1146 3906 Sdrelier.
1164 3853 1197 3905 de
1215 3853 1277 3906 ruiw'

180 3905 352 3978 Didonisque.
370 3911 415 3972 Sic
432 3900 553 3966 Oudend.
569 3912 688 3972 acodcl..

147 3981 176 4026 ct
192 3973 252 4026 erld.
272 3984 334 4030 vett.
353 3977 437 4048 Vulgo
454 3981 622 4048 neumisque.

173 4041 275 4112 fineis
294 4046 418 4108 munibus·
435 4066 461 4102 v.
484 4047 544 4104 lud·
561 4049 591 4106 lit
610 4047 689 4109 ket?

144 4125 214 4178 pugo
232 4119 259 4160 et
274 4127 375 4174 munus.
393 4115 430 4174 M,

181 4175 338 4243 disserebant.
350 4179 419 4234 Bene
431 4183 485 4244 sic,
501 4192 533 4236 ut
544 4183 579 4241 G·
596 4181 628 4244 3,
645 4201 673 4248 ¹7

148 4244 286 4303 miltitudo
308 4275 340 4286 -
361 4262 537 4304 convenerant.
565 4249 625 4308 vid.
648 4261 674 4303 nt

147 4311 183 4372 ll,
208 4315 234 4362 6.
259 4321 286 4364 ot
303 4313 362 4368 Liv.
391 4333 425 4376 2,
451 4323 473 4370 5.
499 4320 562 4371 item
590 4319 673 4372 Grou.

150 4375 185 4446 ed
206 4377 266 4434 Liv.
291 4379 322 4440 36
334 4419 344 4456 ,
369 4386 407 4436 rt.
427 4384 489 4440 Nou
511 4405 570 4458 crgo
587 4405 690 4457 opus,⁸

739 3917 779 3970 lrt.
802 3937 858 3972 nav.
885 3937 911 3990 p.
938 3924 991 3983 175.
1004 3920 1047 3971 M.
1069 3920 1138 3972 lllale
1155 3920 1197 3972 hie
1215 3919 1264 3974 alii

740 3985 1029 4106 sissimo
1046 3987 1147 4039 “u

762 4163 894 4219 'ramum
928 4170 957 4204 re
978 4154 1093 4226 provisa.
1115 4147 1172 4202 ,ilii
1190 4159 1267 4205 unta
1355 4185 1359 4196 .

739 4237 770 4272 re
784 4224 898 4286 provisu.

772 4317 924 4387 praefracto
933 4329 1029 4370 rostro.
1039 4316 1082 4370 Sic
1094 4311 1169 4369 codd.
1180 4311 1266 4382 Vulgo

738 4389 878 4458 perlinam
898 4387 985 4444 Vossii
1001 4385 1058 4440 cod·
1073 4394 1226 4455 promuntu-¹
