3000 5268
348 353 450 434 ¹un.
473 353 537 472 'vn
572 353 665 412 cnr.
704 321 813 444 3-7.
1061 325 1149 450 193

43 557 232 658 propinqui
250 555 472 634 Eburonum
490 539 645 646 linibus,
665 557 853 656 perpetuis
872 551 1069 655 paludibus
1087 555 1154 632 sil·

44 683 167 777 visque
186 675 342 763 muniti,
362 674 424 770 qui
445 673 507 750 uni
532 697 581 752 ,ex
609 673 729 746 Gallia
755 673 799 744 ds
828 697 917 771 pace
945 673 991 747 ad
1018 675 1156 748 Caesa·

44 813 119 866 rem
143 791 289 890 legatos
306 805 514 886 numquam
532 790 721 864 miserant.
748 789 844 864 Cum
863 791 907 862 iis
925 815 1002 863 esse
1029 791 1157 890 lmspi„

44 912 135 984 tium
163 907 370 1005 Ambiorigi
397 904 558 977 sciebat:
586 906 677 978 item
711 929 775 1004 per
805 907 980 979 Treviros
1012 911 1156 981 venisse

46 1025 237 1099 Germanis
264 1025 303 1094 in
329 1022 553 1109 amicitiam,
580 1029 820 1122 cognoverat.
846 1025 949 1099 Haec
976 1027 1079 1124 prius
1105 1027 1157 1099 illi

44 1140 271 1216 detrahenda
306 1137 444 1214 auxilia
477 1139 737 1230 existimabat,
764 1165 876 1238 quam
908 1143 1030 1242 ipsum
1061 1143 1158 1217 bello

45 1259 262 1342 lacesseret3
281 1280 349 1341 ne,
369 1253 562 1354 desperata
587 1253 729 1346 salute,
747 1263 813 1330 aut
839 1281 877 1332 se
903 1261 940 1332 in
967 1263 1159 1360 Menapios

46 1373 217 1462 abderet,
236 1377 302 1447 aut
329 1395 417 1444 eum
443 1371 721 1444 transrhenanis
748 1371 924 1471 congredi
952 1381 1160 1472 cogeretur.

47 1491 126 1564 lloc
152 1491 247 1563 inito
274 1487 450 1578 consilio,
475 1489 593 1560 totius
620 1489 806 1562 exercitus
835 1489 1087 1588 inpedimenta
1114 1493 1162 1566 ad

47 1607 252 1678 Labienum
284 1605 337 1678 in.
355 1605 531 1676 Treviros
563 1603 703 1693 mittit,
731 1603 895 1701 duasque
926 1603 1088 1704 legiones
1114 1606 1163 1679 ad

49 1748 134 1796 eum
161 1721 342 1820 proticisci
369 1721 493 1794 iubet:
521 1721 598 1818 ipse
629 1743 717 1791 cum
749 1718 955 1818 legionibus
982 1722 1163 1822 expeditis

51 1841 212 1936 quinque
239 1839 278 1908 in
305 1836 498 1933 Menapios
523 1834 786 1934 proficiscitur.
813 1831 887 1924 Illi,
906 1833 1007 1906 nulla
1030 1843 1163 1911 coacta

50 1979 184 2043 manu,
200 1951 274 2026 loci
301 1950 484 2052 praesidio
511 1950 612 2039 freti,
630 1950 668 2022 in
688 1949 799 2023 silvas
823 1949 1051 2058 paludesque
1077 1979 1165 2028 con.

51 2069 198 2166 fugiunt
213 2091 364 2164 ¹suaque
391 2065 524 2138 eodem
550 2065 760 2142 conferunt.

100 2185 140 2258 6.
165 2185 321 2267 Caesar,
340 2183 487 2279 partitis
514 2183 631 2279 copiis
657 2207 744 2254 cum
763 2182 805 2256 C.
823 2181 939 2254 Fabio
965 2185 1108 2281 Legato
1127 2189 1166 2258 et

53 2306 102 2375 M.
121 2305 255 2390 Crasso
283 2304 511 2394 Quaestum,
529 2297 772 2396 celeriterque
799 2298 942 2371 effectis
969 2301 1167 2398 pontibus,

54 2417 129 2492 adit
160 2418 370 2516 tripartito,
399 2413 565 2486 aedificia
597 2415 774 2509 vicosque
810 2412 997 2500 incendit,
1029 2438 1165 2512 magno

54 2536 197 2633 pecoris
222 2543 336 2630 atque
365 2532 558 2604 hominum
581 2553 738 2602 numero
765 2529 922 2628 potitur.
949 2529 1094 2622 Quibus
1112 2557 1168 2604 re-

53 2651 120 2722 bus
148 2649 271 2722 coacti
299 2645 480 2744 Menapii,
500 2644 644 2744 legatos
670 2644 718 2716 ad
745 2667 831 2716 eum
860 2645 961 2742 pacis
987 2646 1167 2742 petendae

53 2793 185 2840 caussa
211 2768 382 2840 mittunt.
409 2761 493 2850 Ille,
520 2759 710 2834 obsidibus
735 2763 922 2860 acceptis,
940 2762 1104 2836 bostium
1129 2789 1168 2837 se

52 2882 271 2955 habiturum
304 2901 460 2951 numero
492 2875 710 2966 confirmat,
737 2877 766 2948 si
794 2881 861 2949 aut
890 2876 1169 2975 Ambiorigem,

53 3009 116 3075 aut
139 3003 219 3073 eius
245 2997 407 3096 legatos,
424 2992 560 3066 finibus
586 2993 660 3064 suis
687 2993 922 3090 recepissent.
949 2993 1016 3064 His
1034 2995 1167 3066 confir·
1206 3079 1210 3088 Ι

51 3109 164 3192 matis
181 3115 312 3202 rebus,
330 3109 542 3182 (ommium
571 3109 793 3182 Atrebatem
811 3133 898 3181 cum
915 3111 1084 3206 equitatu
1105 3137 1168 3182 cu-

52 3235 168 3308 stodis
194 3229 279 3303 loco
311 3229 350 3300 iu
381 3223 562 3323 Menapiis
592 3221 790 3322 relinquit;
815 3224 962 3323 ipsein
992 3225 1168 3300 Treviros

50 3346 315 3444 proficiscitur.

103 3485 137 3552 7.
166 3462 266 3534 Dum
302 3457 395 3530 haec
423 3479 445 3526 a
471 3453 627 3526 Caesare
662 3459 869 3552 geruntur,
893 3453 1060 3542 Treviri,
1087 3477 1169 3525 ma-

50 3578 129 3676 gnis
151 3574 293 3648 coactis
319 3569 507 3670 peditatus
526 3571 787 3667 equitatusque
808 3569 944 3668 copiis,
963 3568 1169 3640 Labienum

82 3805 229 3855 lacesseret.
252 3795 366 3868 Scaliger
383 3805 410 3850 et
426 3796 580 3850 recentiores
680 3795 735 3848 adit
751 3797 856 3862 tripart.
874 3791 1010 3854 benetie,
1027 3791 1061 3844 al.
1078 3793 1150 3844 adiit.

50 3871 232 3924 lacessendum.

82 3945 110 3990 in
128 3939 282 4005 Menapios.
299 3931 344 3985 alil
360 3938 388 3984 in
405 3933 541 4001 Menapiis.

82 4025 139 4058 erim
164 4002 314 4055 tranei-lien.
341 4002 474 4070 congr-edi,
492 4017 581 4050 eorum

53 4075 116 4127 fines
135 4072 224 4132 adire,
241 4087 321 4138 seque
338 4087 400 4122 curn
419 4070 451 4120 ils
469 4070 581 4126 conlun-

52 4161 124 4261 ffire:
153 4149 212 4191 ml
237 4139 309 4190 essim
334 4137 448 4188 Treviris
473 4137 583 4188 θῐῐῑῑωῡ·
680 4143 840 4210 confirmatis
855 4141 941 4202 rebus,
960 4140 1126 4204 constitutis,
1140 4147 1172 4192 ut

81 4207 186 4280 etaplrr.
200 4207 246 4258 Gr.
258 4231 285 4260 eo
303 4213 394 4274 μαχίαν
405 4215 528 4260 sonesti.
542 4201 581 4250 M·
649 4212 736 4262 omnia
754 4221 822 4262 recte
839 4229 866 4262 se
884 4209 1018 4262 haherent.
1036 4209 1075 4258 M.

681 3902 792 3954 torrium
809 3917 921 3950 numero.
945 3895 990 3948 alii
1006 3901 1033 3948 in
1050 3914 1169 3962 naemei-o,

648 3979 679 4023 ut
690 3989 750 4024 mon
765 3987 821 4038 cap.
834 3971 874 4023 32.
887 3974 914 4022 et
926 3965 955 4018 C.
965 3969 994 4026 3,
1005 3970 1044 4029 57.
1058 3963 1171 4018 Utrum·

647 4057 699 4108 que
717 4038 822 4092 dicitur.

53 4277 101 4328 Pro
118 4287 253 4345 urgeretur
301 4273 380 4328 udins
403 4272 518 4326 malebat
540 4287 587 4320 coe

52 4359 174 4405 inuretur,
188 4342 235 4395 sed
251 4341 379 4413 cogitacio
397 4361 427 4394 eo
445 4355 582 4409 sensupo·
684 4335 822 4386 Commium
838 4331 997 4384 Atrebatem.
1022 4329 1064 4382 Cs.
1083 4337 1112 4400 4,
1130 4343 1171 4390 2¹·

54 4415 144 4473 uitur,
162 4430 217 4482 quo
237 4415 265 4472 5,
284 4421 324 4475 [μ.
649 4401 687 4454 Μ.

158 4511 317 4583 Cressa.
345 4507 540 4581 Commeat.
592 4503 702 4573 Tom.
728 4503 758 4574 l.
820 4561 822 4568 .
910 4501 966 4573 Bb
