3040 5264
681 393 737 452 DE
773 391 907 452 BELLO
942 394 1063 456 GALL.
1088 393 1094 404 '

962 507 972 540 l

321 375 459 484 9⁰²

316 617 383 691 pus
402 590 574 682 daretur,
591 591 716 668 hostes
733 621 778 673 ex
799 597 971 670 omnibus
988 595 1180 697 partibus,
1194 596 1301 696 signa
1316 595 1432 687 data,

315 711 529 795 decurrere,
553 709 691 810 lapides
710 737 894 814 gaesaque
912 717 949 786 in
969 715 1110 788 vallum
1124 717 1336 789 coniicere:
1357 741 1429 788 no-

314 827 380 900 stri
403 829 522 926 primo
541 829 694 929 integris
716 829 857 922 viribus
877 829 1027 906 fortiter
1046 857 1278 933 repugnare,
1304 858 1429 932 neque

315 939 432 1014 ullum
456 941 596 1016 frustra
626 943 743 1016 telum
768 969 815 1017 ex
842 943 926 1018 loco
954 949 1143 1046 superiore
1170 949 1351 1021 mitteres
1389 954 1431 1020 ut

272 1155 275 1162 y
314 1075 483 1153 quaeque
510 1081 595 1154 pars
621 1063 831 1132 castrorum
858 1059 998 1134 nudata
1025 1061 1281 1134 defensoribus
1310 1061 1431 1159 premi

314 1171 533 1261 videbatur,
560 1198 604 1246 eo
630 1197 827 1248 occurrere
850 1183 889 1250 et
910 1176 1092 1250 auxilium
1119 1177 1241 1250 ferre:
1268 1177 1334 1251 sed
1355 1176 1430 1248 boc

313 1284 514 1389 superari,
534 1289 636 1388 quod
670 1291 918 1366 diuturnitate
952 1317 1098 1392 pugnae
1133 1295 1259 1367 hostes
1294 1293 1430 1366 defessi

314 1405 454 1506 proelio
474 1406 725 1496 excedebant,
743 1407 803 1490 alii
822 1409 976 1510 integris
994 1409 1136 1484 viribus
1155 1409 1428 1484 succedebant:

316 1548 475 1622 quarum
509 1547 637 1596 rerum
671 1550 693 1596 a
726 1525 862 1597 nostris
894 1532 1047 1624 propter
1076 1528 1313 1626 paucitatem
1348 1527 1429 1602 fieri

314 1636 405 1710 nihil
424 1644 592 1735 poterat,
611 1662 655 1710 ac
675 1663 750 1710 non
776 1637 890 1711 modo
920 1639 1062 1736 defesso
1089 1665 1137 1713 ex
1163 1663 1288 1740 pugna
1314 1649 1438 1712 exce-'

248 1743 260 1782 '⁸
314 1752 449 1842 dendi,
474 1752 539 1825 sed
564 1777 610 1825 ne
636 1754 763 1826 saucio
790 1753 939 1851 quidem
967 1755 1045 1828 eius
1071 1753 1165 1844 loci,
1192 1755 1255 1828 ubi
1283 1757 1428 1830 consti-

312 1875 431 1958 terat,
456 1866 689 1968 relinquendi
707 1894 751 1942 ac
769 1871 824 1941 sui
845 1871 1044 1968 recipiendi
1062 1871 1220 1946 facultas
1237 1869 1414 1946 dabatur.

309 2081 313 2088 ι
364 1985 401 2058 5.
432 1989 560 2080 Quum
586 1987 660 2059 iam
687 1983 846 2084 amplius
871 1985 972 2059 horis
998 2011 1065 2060 sex
1091 1989 1328 2062 continenter
1355 2015 1427 2092 pu-

312 2107 505 2200 gnaretur,
534 2125 579 2173 ac
606 2124 679 2174 non
714 2098 837 2174 solum
862 2101 979 2184 vires,
998 2099 1071 2173 sed
1098 2103 1210 2174 etiam
1238 2102 1331 2193 tela,
1361 2127 1427 2176 no·

311 2216 398 2288 stris
424 2213 623 2288 deficerent
649 2219 762 2312 atque
789 2213 916 2288 hostes
942 2217 1064 2288 acrius
1097 2215 1307 2304 instarent,
1343 2215 1426 2288 lau-

310 2327 613 2427 gaidioribusqne
632 2329 768 2402 nostris
784 2325 922 2402 vallum
942 2327 1107 2404 scindere
1126 2334 1166 2401 et
1182 2327 1297 2401 fossas
1316 2353 1426 2402 com-

310 2441 410 2540 plere
428 2435 660 2542 coepissent,
686 2467 817 2540 resque
836 2448 933 2517 esset
949 2443 1024 2516 iam
1043 2441 1089 2514 ad
1108 2449 1317 2516 extremum
1338 2467 1425 2540 per-

312 2553 427 2628 ducta
444 2580 588 2644 casum,
606 2555 757 2629 Publius
771 2557 919 2650 Sextius
932 2556 1112 2646 Baculus,
1126 2557 1234 2656 primi
1251 2555 1314 2655 pili
1334 2581 1426 2628 cen-

311 2669 436 2758 turio,
462 2693 575 2764 quem
592 2670 755 2744 Nervico
774 2671 914 2769 proelio
934 2671 1187 2770 compluribus
1205 2667 1425 2742 confectum

312 2781 527 2858 vulneribus
545 2783 728 2873 diximus,
755 2791 793 2857 et
816 2787 910 2859 item
941 2787 983 2861 C.
1000 2785 1208 2858 Volusenus
1233 2782 1424 2855 Tribunus

309 2899 492 2990 rnilitum,
519 2899 577 2972 vir
604 2906 643 2972 et
668 2899 810 2974 consilii
838 2903 961 3002 magni
990 2908 1028 2974 et
1055 2899 1228 2988 virtutis,
1261 2897 1308 2970 ad
1336 2898 1424 2970 Gal-

310 3018 400 3090 bam
431 3023 637 3110 accurrunt
668 3024 781 3112 atque
817 3041 929 3089 ernam
963 3041 1040 3090 esse
1067 3039 1169 3114 spem
1196 3013 1326 3086 salutis
1354 3015 1424 3088 do·

311 3139 419 3223 cent,
444 3133 494 3223 si,
519 3133 713 3231 eruptione
740 3133 859 3224 facta,
886 3139 1095 3206 extremum
1114 3130 1295 3206 auxilium
1314 3155 1424 3230 expe·

310 3253 485 3324 rircntur.
512 3251 660 3348 ltaque,
687 3251 904 3322 convocatis
922 3249 1227 3336 Cerrturinuibus,
1250 3247 1423 3322 celeriter

185 3452 193 3468 .
300 3367 448 3444 milites
464 3372 642 3444 certiores
660 3367 773 3458 facit,
789 3365 990 3467 paullisper
1005 3367 1298 3440 intermitterent
1318 3391 1439 3464 proe·,

265 3591 266 3594 ,
311 3543 413 3606 nendis.
448 3545 477 3597 in
511 3544 601 3598 Graec.
633 3540 764 3612 uietepltr.
793 3549 833 3593 est

312 3615 448 3668 dcereimm-
472 3612 514 3664 M.
537 3612 581 3664 Cf.
602 3607 629 3662 l).
647 3609 721 3662 Alex.
743 3629 766 3660 c.
789 3607 830 3660 33.

310 3693 333 3732 et
352 3681 409 3733 Cic.
427 3679 460 3732 ad
476 3679 537 3730 Dir.
555 3695 587 3736 2,
610 3679 647 3732 13.
669 3675 738 3728 Male
754 3675 830 3728 codd.

309 3744 410 3800 lrnheut
425 3745 608 3816 colloquendis.

342 3833 430 3882 gaesa.
441 3813 490 3879 Si,
507 3811 638 3882 quidquid
650 3809 722 3882 apud
733 3819 832 3863 veteres

309 3883 446 3961 scriptores
460 3882 526 3932 etin
540 3879 670 3946 glossariis
684 3881 831 3947 reperitur,

307 3963 513 4014 coniungerem,
524 3945 647 4007 efficitur,
660 3963 733 4025 gaesa
752 3945 832 3996 fuisse

311 4015 421 4074 isernia,
448 4012 545 4084 quibus
578 4014 620 4065 usi
647 4023 702 4064 sint
733 4012 832 4063 milites

310 4081 374 4133 levis
398 4091 563 4142 armaturae,
589 4081 616 4131 in
646 4081 739 4150 primis
763 4080 832 4130 iutcr

309 4145 432 4200 barbaras
450 4157 547 4214 gentes.
565 4145 657 4199 Suidas
675 4147 832 4203 iuratust

310 4223 376 4272 reret
399 4215 478 4266 luisse
506 4213 573 4266 dicit
599 4219 710 4278 κοντοὺς,
740 4221 766 4264 ct
782 4237 832 4282 μα-

309 4288 392 4336 rsii-ra
408 4293 557 4341 crassiores,
576 4289 604 4332 et
621 4287 666 4335 aie-e
688 4286 784 4348 distare.
806 4295 831 4330 v.

310 4343 429 4417 llrsych.¹
440 4349 467 4398 in
487 4353 592 4412 Parsis,
610 4347 656 4398 uhi
673 4349 830 4416 interpretes

307 4415 406 4468 multos
424 4415 562 4484 scriptores
584 4421 829 4466 commemorarunt.

899 3541 969 3594 Add.
986 3531 1184 3596 Drakenborch.
1201 3543 1235 3596 ad
1253 3543 1302 3597 Sil.
1321 3545 1381 3597 tut.
1401 3565 1423 3609 r,

898 3611 955 3678 629.
974 3609 1095 3662 Ceterum
1115 3621 1145 3664 ut
1162 3611 1189 3662 h.
1206 3611 1224 3663 l.
1243 3632 1309 3664 saxa
1325 3625 1353 3664 et
1366 3633 1438 3685 gae«,

897 3697 947 3733 sa,
970 3678 1007 3729 sic
1029 3677 1102 3748 apud
1123 3679 1248 3731 Orosium
1269 3683 1306 3740 6,
1324 3683 1359 3742 8,
1377 3681 1423 3734 ubi

898 3739 961 3796 haec
976 3745 1032 3814 ipsa
1049 3755 1156 3812 rrerret,
1173 3765 1240 3798 aare
1257 3759 1281 3797 et
1299 3747 1353 3798 tela
1364 3766 1423 3801 eon·

897 3811 1050 3877 iunguntur.
1067 3813 1105 3862 Μ.
1313 3845 1319 3858 .

931 3897 964 3928 ex
985 3881 1040 3928 tow
1062 3884 1212 3948 superiore,
1234 3877 1342 3932 evello.
1360 3880 1422 3935 Non

936 3953 987 3997 test
1014 3963 1091 4000 mous
1119 3945 1251 4016 intelligi:
1278 3965 1342 3998 nam
1367 3965 1422 4000 nan

921 4013 1029 4079 omani,
1058 4013 1104 4067 sed
1134 4013 1207 4066 Galli
1236 4013 1380 4066 veniebant
1407 4035 1422 4068 e

898 4087 995 4140 monte.
1019 4079 1053 4132 ci.
1073 4099 1095 4134 c.
1120 4097 1144 4132 2.
1161 4081 1269 4134 Monuit
1291 4081 1423 4144 Vossius.

897 4145 1019 4264 lemma
1036 4145 1162 4200 Cellarius
1180 4157 1207 4200 et
1223 4145 1353 4202 Clarlius.
1384 4149 1422 4200 M.

927 4211 966 4268 alo
989 4215 1108 4267 Muretus
1130 4215 1191 4266 Ver.
1216 4213 1289 4266 Lcct.
1318 4233 1358 4267 10.
1384 4222 1421 4269 15.

896 4298 927 4330 ex
972 4280 1109 4333 montibus
1139 4281 1190 4334 tela
1219 4283 1300 4334 ruisse
1334 4285 1422 4334 refert.

896 4347 1081 4400 llotornaunus
1103 4365 1240 4420 perperam
1261 4349 1424 4404 candebat

896 4431 929 4464 ex
945 4415 1000 4466 toea
1022 4415 1152 4488 teneriore.
