3040 5264
407 369 487 432 nm.
522 373 564 433 11.
599 371 693 480 cnr.
729 357 773 462 4.
813 341 855 436 5.
1126 340 1192 436 63

78 567 297 674 gissimeque
328 557 471 648 absint:
497 578 567 648 XV
600 575 699 652 milia
730 579 950 664 Atrebates,
988 577 1193 654 Ambianos
1222 635 1226 644 .

80 689 113 760 X
138 687 264 778 milia,
279 689 444 764 Morinos
458 690 564 764 XXV
581 693 683 766 milia
702 747 714 784 ,
731 699 923 796 Menapios
940 695 1046 770 Vllll
1071 697 1192 788 milia,
1292 700 1297 717 ’

78 801 225 903 Caletos
243 805 274 877 Χ
291 805 412 893 milia,
428 805 643 881 velocasses
658 815 698 882 et
713 811 995 884 Veromandoos
1010 811 1190 886 totidem:

18 931 20 936 '
73 920 289 1011 Aduatucos
319 923 495 996 XXVllll
533 923 654 1015 milia,
695 925 934 1012 Condrusos,
961 927 1188 1020 Eburones,

73 1038 298 1130 Caeraesos,
323 1041 550 1128 Paemanos,
576 1039 640 1137 qui
667 1065 742 1114 uno
763 1044 912 1118 nomine
931 1043 1109 1118 Germani
1128 1044 1191 1118 ad·

72 1150 281 1250 pellantur,
307 1155 477 1227 arbitrari
505 1154 551 1227 ad
577 1155 644 1226 XL
669 1155 785 1229 milia.

124 1265 161 1342 5.
187 1269 342 1358 Caesar,
359 1271 498 1344 Remos
521 1269 742 1345 cohortatus
758 1269 1034 1372 liberaliterque
1051 1275 1192 1350 oratio·

72 1403 119 1454 ne
143 1389 391 1481 prosecutus,
430 1407 581 1456 omnem
615 1393 785 1460 senatmn
819 1385 864 1458 ad
892 1390 1189 1475 reconvenire,

72 1497 355 1599 principumque
394 1497 530 1572 liberos
571 1499 715 1574 obsides
754 1499 802 1576 ad
829 1525 866 1574 se
892 1499 1027 1575 adduci
1070 1504 1188 1577 iussit.

72 1611 177 1702 Quae
202 1615 328 1686 omnia
362 1613 408 1686 ab
436 1613 492 1686 his
518 1611 713 1715 diligenter
739 1613 784 1688 ad
812 1615 911 1688 diem
945 1615 1045 1690 facta
1085 1623 1188 1692 sunt.

72 1727 178 1824 lpse,
203 1729 433 1804 Divitiacum
459 1729 633 1803 Aeduum
657 1735 794 1834 magno
813 1719 923 1830 opere
942 1734 1185 1825 cohortatus,

28 1915 31 1924 ,
72 1842 202 1932 docet,
228 1851 370 1943 quanto
391 1869 501 1944 opere
519 1847 571 1918 rei
590 1845 761 1946 publicae
780 1850 1064 1947 communisque
1082 1851 1187 1925 salu-

70 1957 118 2029 tis
144 1957 311 2053 intersit,
337 1983 469 2033 manus
495 1959 659 2033 hostium
686 1961 874 2052 distineri,
900 1989 946 2037 ne
964 1989 1052 2039 cum
1074 1971 1185 2042 tanta

69 2070 312 2147 multitudine
341 2097 417 2148 uno
447 2081 618 2175 tempore
648 2074 924 2179 confligendum
950 2077 1011 2150 sit.
1036 2077 1078 2150 ld
1105 2079 1185 2153 fieri

70 2209 197 2282 posse,
221 2187 254 2260 si
280 2211 364 2262 suas
382 2190 507 2288 copias
524 2177 641 2264 Aedui
660 2192 698 2264 in
716 2190 806 2264 lines
823 2188 1109 2263 Bellovacorum
1129 2191 1186 2262 in·

69 2303 308 2381 troduxerint
333 2313 372 2380 et
397 2331 529 2379 eorum
555 2329 665 2406 agros
690 2305 859 2406 populari
885 2308 1087 2407 coeperint.
1114 2308 1185 2382 His

69 2419 278 2508 mandatis,
304 2447 391 2497 eum
409 2423 456 2497 ab
475 2445 513 2496 se
532 2421 702 2498 dimittit.
727 2423 931 2521 Postquam
952 2447 1080 2496 omnes
1097 2423 1186 2497 Bel-

69 2556 204 2636 garum
230 2541 354 2640 copias
380 2541 419 2614 in
444 2563 562 2614 unum
588 2537 714 2614 locum
740 2544 892 2613 coactas
918 2539 966 2616 ad
992 2565 1031 2614 se
1054 2543 1182 2619 venire

67 2651 185 2742 vidit,
204 2677 324 2751 neque
340 2654 415 2728 iam
433 2653 543 2757 longe
561 2653 687 2728 abesse
714 2653 760 2727 ab
778 2653 856 2738 his,
884 2677 979 2752 quos
1004 2656 1183 2743 miserat,

66 2764 368 2864 exploratoribus
393 2775 433 2842 et
458 2769 505 2842 ab
533 2768 658 2842 Remis
683 2769 885 2874 cognorit,
919 2765 1059 2844 llumen
1078 2771 1185 2844 Axo-

65 2905 177 2974 nam,
202 2884 303 2984 quod
328 2887 448 2960 estin
475 2885 652 2958 extremis
678 2885 883 2960 Remorum
902 2883 1059 2977 linibus,
1080 2904 1185 2962 exer-

66 2997 188 3071 citum
214 2999 455 3074 transducere
476 2999 684 3072 maturavit
701 3003 814 3097 atque
831 2999 881 3072 ibi
902 3005 1026 3076 castra
1044 3003 1184 3100 posuit.
1274 2991 1279 3000 ’

40 3114 174 3208 'Quae
199 3140 260 3192 res
285 3122 325 3190 et
349 3115 449 3190 latus
481 3138 598 3188 unum
640 3121 850 3190 castrorum
890 3117 979 3216 ripis
1018 3115 1184 3193 fluminis

64 3228 262 3304 muniebat
286 3235 353 3319 et,
376 3239 461 3330 post
485 3253 572 3304 eum
598 3253 694 3329 quae
719 3235 841 3304 essent
855 3277 886 3319 ,·
905 3236 991 3306 tuta
1025 3233 1073 3308 ab
1110 3233 1184 3306 ho-

95 3411 160 3472 XV.
179 3411 251 3464 milia
267 3411 412 3464 Atrebates.
430 3409 492 3463 Non
510 3409 589 3467 modo
690 3427 785 3480 magno
813 3429 890 3476 opere
913 3415 950 3453 -'
969 3421 1067 3483 quanto
1095 3432 1178 3484 opere.

63 3477 92 3530 in
110 3477 270 3534 amnibus
281 3479 398 3549 ipsarum
416 3477 533 3546 gentium
544 3486 591 3531 'est
656 3475 702 3532 Sic
718 3479 842 3533 Oudend.
864 3497 878 3532 e
895 3479 971 3534 codd.

61 3547 212 3619 scripturae
229 3544 368 3626 diversitas
386 3543 589 3628 infodiam„
691 3545 1146 3668 &dllwll'offssallilbafflii'ldeba
1165 3634 1181 3670 ο

61 3612 590 3751 ζὰτὶιέῑῃίιῖίτίιιᾶἒιξιᾝέἆ.ιξῗῃξιεῗὲῗ
656 3631 712 3760 sais
733 3633 810 3733 bbdd.
833 3687 861 3733 ct
882 3690 947 3734 vett.
965 3679 1022 3735 edd.
1041 3683 1180 3745 restituit,

60 3755 203 3886 titt?
219 3747 588 3898 utilititltsttj
652 3747 1045 3886 {bittit‘l'ttfritffl
1061 3768 1123 3802 “¹⁰¹
1139 3769 1180 3897 ἦ·

61 3881 408 4020 munterte.
426 3891 588 4024 ..aea
653 3882 1179 4030 colerae.benabet

60 4012 159 4070 Parum
177 4017 294 4071 inmor-
654 4014 745 4086 peullo
762 4014 910 4097 obscurior,
926 4035 983 4067 raam
1001 4021 1099 4070 motari
1121 4037 1180 4074 coe·

94 4149 250 4204 caraem.
268 4149 391 4205 Nominis
409 4151 534 4206 memoria
550 4151 589 4206 vi·
653 4092 907 4204 ppppnpspoptria}
944 4083 1097 4206 (ἳῡάἠέῃιὲἷ
1111 4085 1180 4205 ibib·

63 4213 142 4271 detur
166 4237 301 4290 superesse
320 4221 347 4270 iu
368 4219 451 4273 fluvio
476 4221 588 4280 Obiere,
656 4219 754 4292 pellex
772 4220 944 4272 coniunctura
963 4218 1107 4274 ciacconii.
1125 4221 1179 4274 Da·

62 4293 91 4336 nt
113 4285 308 4338 Poemanomm
335 4287 363 4338 in
385 4287 517 4340 Famennc
533 4288 588 4340 aire
654 4287 736 4338 virius
760 4293 786 4340 rt
806 4304 861 4337 eum
880 4285 1008 4339 rescrebat
1025 4287 1058 4340 nd
1083 4289 1180 4340 exerci-

62 4351 183 4404 Famine.
207 4353 242 4405 V.
261 4351 413 4410 D'Anvllle
432 4357 496 4409 llos.
512 4353 545 4409 de
561 4353 588 4408 ln
655 4361 723 4406 lum.
741 4355 837 4404 Essent
853 4373 959 4426 qnoque
977 4353 1052 4408 codd.
1076 4355 1177 4407 liabent

63 4417 147 4474 Geuls
165 4438 193 4494 p.
213 4423 270 4478 aas.
656 4428 683 4470 at
700 4419 759 4474 edd.
778 4431 831 4475 ret.
848 4441 897 4494 pro
914 4441 969 4495 quo
987 4423 1035 4477 elii
1050 4437 1134 4478 erant.
