3000 5268
1164 239 1174 268 t

719 325 775 384 DE
810 321 945 385 BELLO
980 325 1100 388 otti..

359 327 452 388 202

356 528 441 601 bula
472 553 544 600 uno
576 553 658 600 eum
689 527 834 625 reliquis
863 527 1044 625 pendunt,·
1074 529 1221 602 militiae
1249 529 1434 603 vocationem

357 651 583 742 omniumque
608 669 726 716 rerum
754 642 883 715 liabent
909 649 1165 716 inmunitatem.
1221 645 1336 718 Tantis
1359 649 1436 718 exai-

355 767 424 834 tart
449 765 638 858 praeemit,
656 774 689 832 et
705 785 772 832 suo
802 773 925 856 sponte
941 762 1047 862 multi
1071 765 1110 832 iu
1136 761 1352 860 disciplinam
1368 787 1436 832 con·

357 883 520 966 veniunt,
537 891 570 949 et
586 904 607 946 a
625 875 827 974 parentibus
852 880 1131 973 propinquisque
1157 883 1349 948 mittuntur.
1374 876 1437 946 lila-

352 1017 470 1091 gnum
488 993 538 1064 ibi
554 1015 739 1062 numerum
769 1013 931 1064 versrntm
954 989 1108 1062 ediscere
1137 991 1321 1064 dicuntur:
1341 995 1436 1085 itaque

355 1133 466 1180 annos
485 1108 647 1180 nonnulli
667 1111 804 1180 vicenos
821 1110 860 1176 in
877 1103 1066 1202 disciplina
1094 1121 1312 1203 permanent.
1338 1103 1437 1202 Neque

339 1225 414 1315 jas
451 1247 526 1296 esse
556 1225 787 1304 existimant,
822 1245 864 1292 ea
898 1220 1023 1292 litteris
1054 1219 1250 1305 mandare,
1282 1245 1379 1316 quum
1408 1221 1438 1286 in

355 1341 501 1437 reliquis
531 1335 621 1430 sere
654 1333 782 1420 rebus,
811 1334 964 1432 publicis
995 1339 1214 1432 priuatisque
1243 1334 1438 1419 ratiam'bus,

356 1456 502 1528 Graecis
528 1467 675 1526 utuntur
699 1453 838 1523 litteris.
898 1447 945 1522 ld
971 1449 1063 1522 mtlzt
1091 1451 1228 1522 duabus
1255 1452 1297 1526 de
1325 1455 1438 1521 caussis

355 1575 553 1645 instituisse
584 1567 766 1649 videntum
792 1564 887 1663 ipuod
916 1590 1027 1663 neque
1057 1571 1095 1636 in
1125 1569 1273 1666 uulgum
1301 1567 1440 1662 discipli·

355 1711 438 1757 nam
472 1682 594 1778 effirri
625 1681 755 1768 uelint,
789 1705 900 1776 sieque
932 1705 1017 1768 eoo,
1047 1686 1110 1778 (μα’
1140 1681 1305 1770 discant,
1336 1684 1438 1754 litteris

356 1795 527 1894 corfinus,
553 1801 671 1868 minus
689 1800 877 1867 memoriae
891 1795 1061 1874 studere:
1079 1797 1175 1893 quod
1185 1798 1275 1892 sere
1289 1801 1439 1897 plerisque

355 1915 512 2001 accidit,
538 1926 577 1983 ut
600 1911 778 2008 praesidio
805 1911 1029 2000 litterarum,
1059 1912 1284 2010 diligentiam
1297 1903 1441 2009 in'perdl·

355 2027 482 2101 scendo
508 2053 551 2098 ao
572 2031 780 2098 memoriam
807 2029 997 2098 remittant.
1030 2025 1070 2096 ln
1095 2031 1225 2124 primis
1253 2027 1319 2102 lton
1342 2027 1441 2100 uolunt

352 2145 589 2248 persuadere,
620 2171 689 2215 non
723 2147 868 2216 interire
902 2149 1064 2226 animas,
1099 2145 1163 2218 sed
1196 2147 1241 2217 alr
1274 2147 1352 2218 aliis
1376 2157 1442 2242 post

354 2273 503 2336 mortem
530 2265 683 2333 transire
708 2259 758 2332 ad
780 2259 890 2330 alios:
916 2273 1022 2357 atque
1047 2259 1116 2332 lroo
1140 2265 1299 2334 maxime
1321 2259 1366 2331 at
1387 2263 1443 2332 tir-

388 2489 561 2558 aparentibus
570 2492 779 2560 propinquisque.
795 2487 879 2558 Vulgo
944 2488 986 2542 Μ.
1005 2489 1082 2542 Addo
1098 2487 1149 2541 Ios.
1165 2488 1320 2560 scaligerum
1334 2505 1372 2558 ep·
1383 2501 1402 2544 ¹1
1415 2483 1444 2530 ¹⁶·

354 2577 372 2608 a
386 2568 459 2624 prop.
476 2571 533 2623 par.
544 2585 575 2595 -
587 2575 644 2623 que.
942 2557 1141 2609 Hotoinuunum
1156 2566 1182 2606 et
1194 2557 1317 2610 Vossium
1336 2561 1359 2609 ri
1375 2553 1443 2603 Grae·

389 2629 485 2674 vicenos
502 2642 592 2674 annos.
611 2623 715 2692 Repetit
727 2621 789 2676 hacc
801 2622 877 2674 Pom·
941 2630 976 2676 cis
995 2623 1020 2674 h.
1039 2623 1056 2674 Ι.
1075 2623 1214 2676 dolendum
1238 2641 1375 2679 censuisset
1390 2617 1444 2694 3ρὼ-

376 2709 419 2741 on.
438 2689 505 2741 Mela
525 2689 553 2750 3,
575 2706 601 2750 2,
620 2689 664 2742 uhi
682 2689 733 2741 ulia
750 2689 877 2761 quaedam
943 2693 1046 2742 'l'itium
1059 2689 1107 2742 loc.
1118 2702 1235 2744 controv.
1249 2693 1266 2742 l.
1280 2700 1302 2754 4.
1317 2703 1443 2760 reposuisse

354 2708 388 2810 de
406 2757 514 2808 Druidis
532 2757 672 2808 adduntur.
690 2759 751 2822 tt.-
941 2775 1037 2824 οπως
1060 2759 1132 2808 Sam.
1159 2758 1276 2812 Potitum
1298 2757 1359 2810 Ohs.
1385 2773 1407 2812 t»
1426 2771 1443 2814 t·

390 2825 495 2900 Graecis
513 2824 614 2874 litteris.
633 2823 698 2874 Vide
715 2825 784 2903 clieta
802 2823 835 2876 ud
850 2843 874 2887 r,
941 2834 1033 2878 crassis
1043 2845 1052 2884 ,·
1070 2825 1160 2877 umuiu
1184 2824 1248 2879 haee
1271 2826 1360 2882 invitia
1379 2837 1444 2872 meiu-

354 2889 721 3026 dispditiiildiieiiidlliitieiruiri
719 2890 828 3027 lilliiliitd
830 2912 876 3018 1iili
941 2893 1039 3016 briiliiii
1055 2965 1161 3014 interire
1176 2963 1287 3012 animas.
1325 2957 1391 3010 idem
1408 2963 1444 3004 tra·

353 3026 476 3077 historiar
487 3023 624 3076 Gallorum
635 3027 777 3088 insertum(
790 3045 805 3076 r.
815 3025 876 3093 319-

353 3093 423 3166 330),Ι
440 3111 597 3163 quamquam
615 3111 668 3142 non
690 3101 743 3142 tam
763 3044 875 3145 illustra-

941 3027 1010 3081 duut
1028 3029 1126 3082 Lucan.
1140 3027 1257 3080 Pharsal.
1277 3029 1300 3088 l,
1321 3033 1373 3092 460.
1387 3025 1444 3075 Stru-

941 3095 976 3148 bo
994 3106 1017 3160 t.
1056 3134 1061 3146 .
1084 3114 1136 3164 ¹97·
1155 3095 1224 3148 Mola
1244 3093 1274 3158 3,
1293 3111 1315 3146 2.
1329 3093 1443 3146 Ammian-

940 3115 1054 3214 Marcelli
1077 3170 1117 3229 15,
1138 3184 1160 3232 9.
1179 3161 1258 3213 multi
1280 3183 1310 3214 ue
1326 3161 1375 3213 aiii.
1393 3157 1430 3231 dl.

974 3235 1086 3280 transire
1103 3231 1139 3281 ad
1155 3231 1229 3280 alios.
1250 3183 1318 3282 llaec
1332 3231 1442 3280 sententio

940 3295 1070 3348 Druidum
1082 3299 1243 3349 occasionem
1256 3296 1373 3368 praebuit
1386 3287 1444 3342 (inii.

940 3363 1062 3430 Irhavio,
1079 3365 1125 3434 qui
1143 3363 1175 3414 de
1194 3363 1365 3442 palingenesia
1384 3367 1444 3408 vete-

940 3450 1000 3482 rum
1017 3449 1037 3482 s.
1056 3439 1152 3482 metcm
1172 3429 1275 3498 sychosi
1294 3427 1443 3500 Pythagorica

940 3499 1045 3564 scripsit
1055 3449 1210 3560 (Amsteiod.
1221 3518 1231 3550 ,ι
1255 3497 1306 3560 33),
1314 3491 1443 3551 deDruidu

940 3565 1024 3618 multa
1041 3564 1185 3616 disserendi
1205 3513 1268 3627 (lii.
1283 3582 1304 3614 2.
1316 3567 1362 3618 et
1378 3571 1400 3612 et
1417 3561 1443 3618 7]-

939 3631 1022 3700 Negat
1036 3631 1168 3692 libarius,
1186 3630 1297 3685 Druidis
1309 3629 1383 3684 tribui
1399 3641 1444 3697 pos·

939 3718 966 3752 St
978 3705 1157 3768 μιτεμψύχωσιν
1171 3697 1367 3768 Pythagoricum
1378 3709 1444 3746 seusu

425 3783 495 3815 rueea
513 3764 671 3834 metaphrasi
688 3773 740 3826 est,
759 3767 780 3816 iu
797 3769 871 3824 tum
938 3767 1443 3885 pinguiore,sivetrt;psitumarluimarum

959 3852 1111 3885 omanorum
1135 3835 1164 3884 in
1208 3843 1279 3900 rutn3
1298 3841 1352 3884 rut
1368 3838 1443 3901 potius

352 3163 393 3211 vit
409 3161 559 3220 Caesarem,
576 3178 654 3229 quarn
672 3169 762 3210 contra
783 3178 875 3211 recan-

352 3229 432 3280 tiores
450 3227 604 3298 disputavit.
647 3223 767 3290 Rationes
784 3237 874 3278 autem

351 3294 474 3366 publicae
484 3297 650 3412 privataeque
659 3311 787 3362 quaenam
796 3293 875 3346 suut?

351 3363 395 3414 An
421 3361 482 3414 tabu
502 3380 524 3412 ie
549 3363 682 3414 rationum
700 3361 874 3414 conficienda·

351 3449 410 3481 rum
431 3428 628 3496 inteiiiguntur,
645 3437 675 3479 ut
697 3429 873 3497 pecuniariae,

350 3495 525 3564 catalogorum
548 3493 664 3557 tabulae,
681 3494 770 3574 quales
794 3514 873 3566 supra

351 3569 387 3626 (r,
400 3567 442 3630 29)
459 3563 597 3624 dicuntur,
619 3571 645 3614 et
668 3562 767 3614 similes
791 3563 873 3616 aliae?

350 3630 467 3682 Fortasse
476 3631 534 3700 quis
543 3629 587 3681 iila
599 3635 728 3698 ruptilem
736 3621 873 3700 intelligat:

350 3697 383 3814 iia
399 3697 499 3817 auibus
517 3717 530 3748 e
547 3697 677 3749 Strabone
695 3697 794 3750 ibidem
807 3698 872 3749 dini.

365 3782 382 3814 n

351 3833 421 3886 ἅπασι
439 3839 551 3900 &patim
567 3857 590 3884 rs
603 3841 642 3886 nul
659 3838 724 3890 idne
743 3835 870 3901 rps'qpaei,

350 3899 447 3950 omisso
468 3897 547 3949 vurho
572 3901 719 3950 rationibus.
753 3901 789 3952 Et
804 3901 871 3961 suit,

350 3983 412 4032 ¹cuna
431 3983 615 4036 supervacuum
634 3965 681 4018 hoe
697 3965 806 4018 verbum
825 3985 871 4036 pu-

349 4034 417 4091 tavi,
438 4043 484 4085 aut
507 4049 565 4084 cum
587 4033 786 4084 distinctionum
812 4051 870 4084 mu·

937 3900 1050 3970 intelligi
1066 3901 1207 3952 transitum
1225 3919 1257 3952 ex
1274 3901 1325 3952 alio
1350 3897 1406 3950 orbe
1421 3895 1443 3970 itt

936 3966 1027 4020 alium.
1068 3968 1121 4021 Sed
1148 3966 1226 4020 verbu
1255 3967 1370 4020 Caesaris
1386 3956 1444 4014 nilul

936 4035 1075 4087 continent
1086 4032 1118 4086 de
1131 4035 1200 4086 orbe.
1217 4034 1271 4088 Nec
1288 4051 1383 4086 neeesse
1400 4035 1442 4082 est.

349 4097 455 4149 mudum
474 4101 500 4150 iu
517 4097 584 4150 hunc
602 4100 709 4150 modum
724 4103 882 4169 suspicatus·

350 4183 424 4224 sum,
438 4169 464 4214 in
477 4167 524 4215 rel.
533 4169 594 4236 jere
610 4167 682 4216 rebus
696 4169 800 4234 publicis
810 4172 868 4236 pri·

349 4235 463 4298 vatisque
480 4235 635 4299 rationibus3
651 4233 696 4286 sed
712 4235 748 4286 sic
765 4253 869 4304 quoque
890 4288 899 4311 Ι

350 4298 464 4368 priuatae
482 4300 595 4351 rationes
618 4299 729 4352 e¹¹ebuut
752 4299 783 4352 et
805 4301 869 4352 lica·

348 4361 429 4416 tione.
446 4365 532 4434 Cupio
549 4385 607 4434 eigo
625 4341 658 4420 ils
675 4368 734 4422 aliis
758 4389 772 4422 e
793 4370 868 4424 oceri.

936 4111 967 4153 ot
993 4103 1117 4154 transitus
1145 4103 1248 4154 animae
1272 4101 1395 4154 humanae
1419 4095 1442 4142 in

935 4169 1034 4220 brutium
1059 4169 1237 4236 intelligatur3
1261 4169 1308 4222 sed
1336 4167 1368 4219 ab
1393 4161 1443 4214 ulus

936 4234 1076 4286 tantatus
1093 4235 1127 4287 od
1144 4235 1207 4287 alios
1225 4238 1331 4304 migrare
1355 4233 1442 4284 animus

935 4303 1057 4354 videatur
1080 4301 1207 4355 docuisse.
1242 4302 1277 4354 Et
1299 4305 1336 4354 sic
1359 4299 1442 4352 diserte

936 4369 1049 4440 explicat
1064 4370 1142 4424 Diod.
1159 4371 1211 4426 Sic.
1230 4375 1258 4434 5,
1276 4375 1315 4424 28.
1333 4363 1398 4420 Illud
1408 4363 1442 4412 in·
