3032 5266
337 353 429 481 398
700 381 757 440 ns
791 381 925 442 uento
948 381 1087 451 „curu

328 587 429 676 lem,
458 550 520 660 ubi
547 591 670 660 castra
695 587 862 660 Petreius
888 593 1000 684 atque
1027 586 1206 662 Afranius
1233 586 1434 673 habebant,

329 703 500 804 planities
521 705 670 778 circiter
686 725 862 804 passuum
882 709 1156 780 trecentorum:
1177 711 1290 800 atque
1312 707 1351 776 in
1371 705 1437 779 hoc

331 817 408 890 fere
435 817 559 890 medio
585 819 705 916 spatio
732 817 900 892 tumulus
916 825 999 890 erat
1014 817 1138 916 paullo
1156 817 1310 892 editior:
1332 843 1437 914 quem

331 933 362 1006 si
390 941 608 1033 occupasset
632 934 768 1007 Caesar
793 939 832 1008 et
858 935 1150 1023 communisset,
1177 935 1223 1008 ab
1250 935 1388 1034 oppido
1405 943 1440 1008 et

329 1055 445 1148 ponte
473 1053 511 1122 et
537 1053 752 1122 commeatu
777 1049 902 1136 omni,
927 1071 1039 1144 quern
1057 1049 1094 1121 in
1113 1047 1292 1146 oppidum
1311 1056 1440 1120 contu-

330 1160 477 1247 lerant,
497 1187 535 1235 se
553 1161 843 1236 interclusurum
862 1159 1091 1234 adversarios
1109 1161 1335 1234 confidebat.
1361 1162 1440 1235 lloo
1498 1203 1499 1230 1

334 1289 505 1376 sperdns,
531 1277 692 1376 legiones
718 1283 793 1350 tres
820 1299 867 1349 ex
892 1279 1024 1350 castris
1051 1275 1197 1364 educit,
1224 1279 1379 1373 acieque
1404 1280 1443 1351 io

332 1387 425 1464 loeis
452 1391 591 1466 idoneis
617 1393 825 1480 instructa,
852 1391 961 1464 unlus
986 1391 1140 1493 legionis
1179 1392 1443 1490 antesignanos

330 1531 551 1608 procurrere
577 1513 689 1605 atque
708 1531 892 1606 occupare
911 1531 998 1580 eum
1017 1505 1207 1580 tumulum
1224 1507 1343 1579 iubet.
1359 1512 1442 1600 Qua

331 1649 372 1697 re
400 1627 568 1724 cognita,
594 1621 785 1712 celeriter,
825 1647 921 1720 quae
956 1625 994 1695 in
1030 1624 1190 1696 statione
1216 1647 1284 1720 pro
1311 1629 1443 1698 castris

332 1746 440 1816 erant
466 1739 609 1812 Afranii
635 1738 829 1822 cohortes,
856 1737 1027 1810 breviore
1052 1739 1184 1812 itinere
1203 1740 1249 1828 ad
1268 1741 1443 1816 eumdem

330 1854 594 1952 occupandum
619 1851 746 1926 locum
772 1854 997 1926 mittuntur·
1025 1851 1277 1926 Contenditur
1302 1852 1442 1950 proelio

293 2005 296 2012 v
329 1971 389 2055 et,
416 1967 517 2063 quod
543 1967 644 2066 prius
668 1967 708 2040 in
734 1965 923 2042 tumulum
949 1966 1141 2040 Afraniani
1159 1972 1364 2055 venerant,
1381 1991 1445 2038 no-

332 2081 399 2152 stri
428 2079 681 2179 repelluntur,
721 2087 859 2180 atque,
898 2080 977 2154 aliis
1015 2079 1203 2152 submissis
1242 2079 1444 2170 subsidiis,

330 2200 440 2294 terga
467 2204 611 2270 vertere
638 2221 750 2296 seque
777 2195 824 2272 ad
849 2195 952 2295 sigua
977 2193 1166 2296 legionum
1192 2195 1358 2293 recipere
1378 2219 1443 2268 co·

330 2320 484 2412 guntur.

377 2448 439 2526 44.
468 2433 594 2506 Genus
622 2439 704 2508 erat
730 2453 875 2531 pugnae
901 2429 1065 2503 militum
1091 2427 1260 2516 illorum,
1286 2435 1333 2502 ut
1359 2454 1441 2502 ma-

326 2567 401 2642 gno
429 2547 556 2642 inpetu
584 2549 703 2644 primo
730 2551 1013 2643 procurrerent,
1031 2543 1209 2616 audacter
1232 2541 1362 2615 locum
1382 2567 1442 2616 ea·

326 2667 483 2759 perent‚
509 2661 654 2734 ordines
680 2685 766 2736 suos
793 2685 867 2734 non
891 2683 1115 2760 magnopere
1135 2666 1350 2748 servarent,
1368 2661 1441 2732 rari

327 2775 553 2874 dispersique
579 2783 809 2875 pugnarent:
836 2779 865 2850 si
892 2781 1175 2876 premerentur,
1212 2775 1345 2874 pedem
1382 2801 1442 2849 re·
1498 2825 1499 2840 η

327 2889 430 2963 ferre·
453 2899 492 2965 et
517 2891 600 2964 loco
626 2890 804 2965 excedere
830 2915 904 2964 non
929 2902 1035 2992 turpe
1054 2893 1333 2984 existimarent,
1352 2919 1443 2968 curn

325 3007 513 3081 Lusitanis
539 3007 761 3106 reliquisque
780 3005 948 3080 barbaris
964 3031 1098 3104 genere
1112 3008 1275 3105 quodam
1292 3033 1444 3110 pugnae

327 3120 554 3197 adsuefacti:
581 3121 681 3222 quod
708 3123 782 3195 lere
808 3121 875 3208 fit,
918 3121 1052 3219 quibus
1092 3122 1248 3219 quisque
1282 3123 1323 3194 in
1349 3121 1446 3194 locis
1498 3115 1499 3130 ¹

325 3237 430 3314 miles
456 3238 704 3326 inveteravit,
730 3237 785 3309 uti
805 3234 968 3310 multum
988 3261 1116 3310 earum
1134 3239 1330 3336 regionum
1351 3263 1444 3311 con·

326 3355 520 3428 suetudine
547 3358 758 3426 moueatur.
783 3353 885 3424 Haec
912 3357 1038 3424 tamen
1066 3350 1163 3426 ratio
1190 3361 1341 3428 nostros
1360 3381 1446 3454 per·

310 3473 518 3564 turbavit,
544 3475 709 3546 insuetos
736 3469 848 3544 huiusw
871 3469 1016 3568 generis
1042 3491 1212 3570 pugnae:
1246 3471 1444 3546 circumiri

355 3747 484 3816 planities.
502 3746 548 3798 Sic
564 3745 641 3799 codd.
659 3745 731 3800 boui
744 3747 772 3796 in
784 3744 843 3798 aliis
907 3761 1090 3813 praeuertere,
1108 3743 1197 3798 minus
1214 3743 1290 3797 bene.

320 3815 446 3884 planicia,
461 3813 531 3932 quod
548 3815 643 3883 recepit
655 3813 721 3867 Scul.
736 3813 843 3883 aliique.
943 3825 1070 3878 submissis
1089 3825 1211 3878 subsidiis·
1234 3825 1279 3880 si:
1295 3825 1331 3880 G.
1354 3845 1390 3888 ι,
1413 3829 1442 3877 6.

322 3883 398 3934 itaet
410 3899 461 3952 spu
490 3879 634 3934 Gruterum
645 3883 674 3932 in
684 3881 749 3957 daos.
761 3881 842 3933 lusor.
910 3893 968 3946 Alfi
984 3892 1131 3960 prae35d255;

322 3963 353 4018 Ρ·
373 3954 427 4004 ¹⁵¹·
943 3975 1000 4025 ioco
1023 3975 1150 4026 excedere.
1175 3973 1225 4028 Ed.
1253 3982 1305 4026 vet.
1328 3975 1439 4032 lomus,

322 4019 661 4135 eodileqdldnst-rrrdllamdiiii
680 4013 843 4134 strrl'cltediqffi
910 4050 942 4093 ut
964 4041 1026 4096 Liv.
1047 4059 1078 4103 2,
1103 4041 1143 4108 37.
1165 4043 1259 4094 oetan
1283 4041 1331 4094 sed
1357 4041 1440 4095 codd.

393 4117 400 4132 ⁵
574 4117 582 4147 '
777 4118 784 4131 ⁰
910 4109 979 4160 loco.

319 4165 399 4216 saepe
411 4147 518 4210 dicitur,
527 4161 625 4200 strroere
636 4153 720 4200 adem.
735 4149 774 4198 Μ.
789 4147 842 4206 Sed

321 4222 350 4266 ot
371 4217 507 4266 imeruers.
530 4217 562 4268 V.
579 4215 613 4270 G.
634 4233 661 4282 r,
680 4233 720 4268 υ.
742 4225 769 4268 et
786 4215 842 4268 Cio.
941 4205 1035 4256 genera
1051 4187 1172 4258 prodam.
1193 4188 1257 4246 An,
1277 4205 1376 4256 genere
1398 4203 1439 4236 eo·

321 4297 372 4352 pro
390 4279 499 4335 Murena
516 4301 539 4335 c.
558 4302 580 4352 9.
910 4252 992 4306 dem?
1007 4255 1050 4308 M·

351 4363 512 4414 procurrere.
567 4349 709 4418 Proprium
725 4347 786 4402 lru'ic
804 4351 842 4401 rei
942 4345 1076 4384 moveamr
1093 4332 1126 4386 ed
1143 4330 1312 4384 imitandum.
1330 4331 1375 4382 M.

318 4412 440 4471 rubum.
458 4413 503 4468 Sic
515 4423 541 4467 et
559 4434 580 4468 e.
599 4425 640 4480 44.
653 4425 678 4468 st
691 4431 721 4481 2,
733 4413 773 4481 34.
785 4416 842 4468 Alii
941 4417 1106 4483 perreriam.
1121 4413 1215 4468 Clarle
1228 4411 1405 4484 pennulae
1498 4481 1499 4484 Ἴ
