2986 5268
1067 331 1155 422 251

352 362 434 426 ΗΒ.
467 365 537 424 vll.
574 364 666 426 Clll‘.
702 313 879 426 20-22.

51 571 193 670 laqueis
231 565 343 642 falces
374 569 615 658 avertebant,
639 593 757 667 quas,
793 593 910 666 quum
956 566 1167 645 destinave-

50 693 165 774 rant,
200 685 397 758 tormentis
423 687 606 758 introrsus
641 683 894 769 reducebant;
927 689 967 756 et
992 707 1166 783 aggerem

51 798 237 872 cuniculis
254 798 551 889 subtrahebant,
573 825 618 872 eo
637 800 834 884 scientius,
861 797 961 895 quod
987 799 1085 898 apud
1104 823 1167 872 eos

50 941 211 1014 magnae
230 922 318 988 sunt
336 915 529 1003 ferrariae,
560 921 673 1012 atque
692 940 802 988 omne
833 939 949 1014 genus
976 917 1169 990 cuniculo-

49 1059 137 1104 rum
168 1037 298 1103 notum
318 1036 430 1128 atque
456 1031 639 1104 usitatum
671 1038 738 1105 est.
764 1033 902 1104 Totum
923 1038 1051 1106 autem
1080 1058 1168 1104 mu-

50 1171 138 1220 rum
157 1171 203 1220 ex
230 1147 330 1218 omni
355 1153 459 1244 parte
486 1146 652 1219 turribus
686 1145 1022 1218 contabulaverant
1053 1152 1167 1245 atque

50 1261 120 1336 has
138 1263 248 1335 coriis
266 1263 488 1337 intexerent.
514 1263 614 1332 Tum
631 1259 769 1333 crebris
788 1259 926 1330 diurnis
957 1263 1167 1333 nocturnis-

51 1399 126 1472 que
154 1375 410 1474 eruptionibus
437 1381 504 1452 aut
533 1376 656 1475 aggeri
685 1376 808 1474 iguem
841 1375 1076 1465 inferebant,
1100 1384 1167 1450 aut

52 1485 194 1562 milites
212 1495 416 1588 occupatos
446 1490 484 1562 in
508 1511 617 1588 opere
644 1489 933 1576 adoriebantur3
955 1495 993 1562 et
1020 1498 1168 1564 nostra-

51 1629 138 1678 rum
158 1605 320 1679 turrium
338 1603 593 1693 altitudinem,
626 1609 810 1701 quantum
841 1604 908 1677 has
929 1604 1167 1700 quotidianus

53 1747 167 1821 agger
185 1725 435 1820 expresserat,
454 1720 659 1794 commissis
679 1743 830 1794 suarum
848 1723 1010 1793 turrium
1035 1723 1168 1814 malis,

52 1837 336 1933 adaequabant3
355 1841 393 1908 et
411 1841 559 1934 apertos
578 1835 771 1910 cuniculos
790 1843 963 1936 praeusta
985 1843 1024 1911 et
1043 1861 1170 1934 praea-

53 1957 144 2024 cuta
178 1951 338 2030 materia
358 1956 397 2024 et
427 1951 508 2054 pice
529 1950 735 2026 fervefacta
761 1956 799 2026 et
824 1953 976 2026 maximi
995 1951 1168 2051 ponderis

84 2323 186 2392 laqueis
207 2321 291 2401 filsea
315 2320 479 2398 ανονιςόαηι,
501 2319 576 2398 falces
677 2321 787 2374 mein
798 2321 1033 2372 contabulaverant.
1049 2315 1122 2388 Quid
1131 2320 1169 2372 sit

52 2391 166 2448 murales
182 2395 227 2454 (v.
247 2387 305 2446 lud,
323 2389 351 2439 in
368 2389 454 2460 jule)
479 2386 576 2458 laqueis
642 2385 1094 2448 comitareturrenvid.ialnd.
1112 2385 1165 2437 sed

51 2459 278 2529 rapiuut(Veget
296 2455 374 2508 dere
397 2455 452 2505 mil.
473 2467 501 2518 4,
521 2455 576 2516 23),

51 2536 77 2578 et
95 2528 134 2578 sic
151 2533 272 2580 avertunt
288 2544 303 2576 a
321 2541 409 2582 muro,
425 2541 458 2573 ne
475 2524 499 2574 ei
518 2523 575 2574 inli-

50 2603 153 2662 gantur.
171 2593 214 2645 M.

84 2675 292 2732 destinaverant,
314 2672 410 2747 laqueo
435 2670 576 2742 prehensas

51 2741 179 2808 figebant,
189 2745 313 2794 immotas
324 2739 462 2804 tenebant,
474 2757 507 2789 ne
519 2758 576 2809 pos-

51 2818 113 2861 sent
130 2829 205 2864 muro
222 2809 332 2861 inmitti.
350 2825 374 2859 v.
393 2806 452 2858 lud.
471 2807 512 2856 Μ.
531 2807 576 2860 Sic

50 2875 121 2928 bene
145 2875 284 2928 Turnebus
310 2873 380 2926 ndu.
411 2881 459 2941 rt,
486 2894 523 2926 ιι.
549 2882 576 2924 et

51 2945 162 2997 Vossius
180 2943 214 2996 ad
228 2943 254 2996 h.
268 2943 286 2996 l.
304 2943 342 2994 Eo
360 2943 423 2995 l'acit
441 2941 575 2993 Vitruvius

54 3028 98 3072 ιο,
111 3029 147 3064 ιι.
156 3007 574 3078 areae-destinandaeflrmirer.

642 2473 742 2507 murum
760 2456 922 2505 coercendam
934 2455 1044 2504 turribus
1059 2453 1166 2504 sortasse

643 2521 784 2592 siguificat.
799 2521 875 2574 aliam
895 2539 963 2591 pone
980 2519 1059 2570 aliem
1072 2521 1171 2580 turrim¹

643 2609 740 2662 ponere
755 2591 821 2642 circa
847 2607 963 2648 murum,
979 2591 1009 2638 ut
1030 2605 1062 2638 ex
1085 2589 1166 2638 unius

643 2655 759 2708 tabulato
777 2658 881 2708 transiri
900 2657 983 2725 possit
1007 2655 1036 2705 in
1059 2651 1165 2706 alterins

643 2721 801 2781 tabulatum,
820 2725 904 2793 sitque
921 2725 988 2774 circe
1006 2741 1111 2774 murum
1129 2729 1166 2773 to·

643 2799 700 2846 tum
718 2791 909 2861 propemodum
921 2791 1077 2848 continuum
1091 2788 1167 2840 tubu-

642 2857 742 2910 letum:
770 2875 823 2912 uuo
852 2857 948 2918 verbo,
975 2857 1077 2926 cingere
1106 2873 1166 2908 mu-

641 2943 699 2977 rum
709 2923 885 2977 contribulatis
894 2921 1020 2976 turribus.
1034 2923 1165 2994 Metaphr.

641 3011 720 3060 graec.
735 2997 827 3062 πύργοις
842 2996 970 3062 lerinum-r
983 2999 1028 3047 κᾶν
1040 2997 1066 3050 re'
1081 3014 1163 3060 ιιιχις.

51 3079 159 3155 bipsius
176 3089 266 3132 contra
277 3077 380 3130 volebat
390 3077 574 3136 diminuerent,
641 3061 683 3112 M·

51 3149 145 3202 mritis
166 3145 325 3198 membranis
348 3143 481 3204 audacter,
504 3141 575 3212 quod

51 3212 136 3284 placet
147 3223 174 3265 et
186 3215 355 3266 Hotomenno
363 3231 410 3282 pro
417 3221 574 3264 averterant.

85 3298 232 3352 tormentis,
250 3311 284 3344 an
301 3291 429 3344 contortis
452 3287 574 3340 funibus?

51 3359 92 3410 Cf.
111 3363 222 3412 omuino
239 3359 271 3413 de
288 3357 316 3410 B.
333 3359 390 3410 Cir.
409 3355 440 3416 3,
458 3377 481 3424 9.
499 3375 575 3423 prue-

51 3433 123 3480 sectis
150 3429 284 3480 nautiorum
311 3425 419 3478 aritretus
446 3435 575 3474 tormenta

43 3496 172 3566 jer-erunt.
190 3495 280 3548 florus
298 3511 324 3552 2,
343 3499 386 3552 15,
401 3509 438 3542 ιο.
456 3493 574 3541 mulieres

50 3570 132 3614 crines
149 3583 208 3614 suos
225 3567 252 3612 ln
269 3573 452 3613 tormentorum
477 3557 574 3609 vlrrwla

51 3631 222 3681 cnaesrulerunt.
272 3630 315 3682 M.
366 3625 442 3678 Adde
470 3625 574 3676 Petron-

53 3717 109 3766 rrp.
126 3715 180 3747 102.
198 3701 253 3748 sine
269 3707 455 3746 tormentorum
472 3695 574 3743 iniuria.

53 3764 169 3832 Quintil.
176 3763 287 3817 declam.
299 3782 335 3831 ¹9·
344 3773 471 3812 tormenta
478 3759 575 3820 laroiu',

54 3835 161 3884 (iratius
178 3833 268 3902 cyneg.
286 3850 310 3880 v.
330 3834 368 3880 26.
387 3841 513 3882 tormento
530 3827 576 3876 ael-

54 3905 186 3970 s¹ringera
211 3899 294 3952 l'leut.
316 3896 418 3951 Curcul.
440 3911 468 3956 2,
490 3912 516 3956 1,
538 3910 575 3943 12.

55 3980 181 4018 torrento
198 3986 250 4018 non
263 3971 348 4036 potuit
360 3967 466 4016 retineri
474 3961 575 4034 firmo.

87 4068 203 4118 aggerem
232 4047 351 4100 cuniculis
380 4045 576 4104 subtrahebam,

54 4113 482 4174 cuniculisductisefficiebant‚ut
523 4129 576 4178 ger,

56 4183 123 4236 lusis
142 4185 268 4244 turrium,
280 4181 426 4236 subsideret
443 4181 509 4230 turri
520 4197 577 4230 ius-

26 4265 31 4271 ·
55 4271 105 4322 que
122 4253 255 4324 impositis
272 4249 478 4304 subtraheretur.
496 4247 538 4298 M.

82 4345 215 4414 'perreriae
228 4343 365 4410 (fodinae).
379 4341 453 4396 ldem
464 4339 579 4393 narravit

56 4431 133 4484 supra
149 4413 178 4476 3,
198 4429 238 4464 21.
256 4411 298 4464 M.

674 3147 769 3212 aggeri.
788 3144 830 3194 Aa
847 3141 927 3200 vallo,
943 3159 997 3212 quo
1012 3138 1165 3210 cingebatur

641 3211 720 3264 urbs?
736 3209 869 3280 Metephr.
887 3209 934 3264 Gr.
952 3213 1084 3279 arriperes·
1103 3207 1146 3258 M·

675 3310 754 3361 agger
762 3293 937 3362 praesidium,
946 3299 1047 3342 tarrtrrm
1059 3289 1168 3360 aggeris,

641 3369 768 3429 munitum
806 3357 906 3412 uotirlie
923 3357 1071 3428 egerebetnr
1088 3376 1108 3409 s.
1127 3357 1164 3408 ia-

640 3426 763 3478 cicbutnr.
783 3377 815 3478 iil

674 3525 751 3576 agger
762 3511 882 3575 erprimlt
895 3518 991 3563 turres,
1001 3523 1085 3574 agger,
1095 3501 1164 3554 basis

642 3575 778 3634 turrium,¹
794 3591 899 3640 surgens
925 3569 1010 3635 (dum
1034 3569 1111 3622 altior
1136 3571 1165 3621 iu

641 3639 697 3692 dies
715 3640 745 3692 lit
761 3651 844 3707 egesta
865 3640 961 3690 maiore
980 3639 1054 3706 eopia
1073 3641 1164 3698 terrae)

641 3709 719 3768 fucit,
738 3717 768 3758 ut
786 3718 812 3759 et
830 3717 910 3758 turres
929 3715 1034 3776 surgunt
1050 3703 1166 3768 (altiores

641 3773 725 3838 finnt).
744 3775 781 3824 M.
800 3775 843 3828 Sic
859 3777 1000 3841 reprimere
1012 3779 1051 3825 est
1062 3781 1166 3824 eontra·

642 3843 711 3894 rium
729 3854 768 3898 rufi
782 3843 930 3911 deprimere.

675 3922 738 3972 nauli
760 3926 868 3972 turricam
890 3925 1095 3979 connumeretur,
1114 3926 1165 3969 tra-

643 3988 688 4040 bes
707 3989 850 4054 longiores,
870 3987 966 4058 quihus
987 3995 1107 4040 constare
1125 4005 1167 4038 so·

642 4055 699 4108 lent
714 4066 808 4114 turres,
821 4057 1074 4127 superimponuntur·
1086 4051 1167 4106 altera

643 4123 717 4176 alleri
734 4133 761 4174 et
776 4124 949 4190 conliguntur,
970 4131 999 4173 ut
1017 4139 1093 4190 quem
1111 4119 1169 4172 lon·

642 4193 762 4260 gesimam
781 4191 852 4242 fiant.
870 4191 908 4242 M.

678 4281 779 4332 opertos
802 4269 927 4319 euniarlos
940 4297 972 4306 -
986 4268 1169 4326 morabantur,

644 4347 794 4404 aperturam
813 4355 856 4386 seu
876 4337 976 4389 cuitrrm
994 4333 1111 4386 curriculi
1129 4352 1168 4384 re·

644 4403 755 4476 prebent
772 4415 799 4456 el
819 4401 993 4456 obstruebant
1014 4403 1107 4456 multis
1129 4418 1169 4454 re·
