3000 5268
357 316 445 431 164
715 344 771 404 ou
807 343 944 404 suono
976 346 1098 406 esus.

350 544 503 620 culeins'
518 543 802 643 compluresque
829 546 984 618 Tribuni
1012 545 1238 620 militumet
1257 545 1446 644 primorum

348 664 521 738 ordinum
548 663 793 738 Centuriones
818 662 913 736 nihil
926 677 1055 738 temere
1073 663 1273 758 egenam,
1294 687 1400 760 neqzu
1413 687 1448 731 er

349 780 506 852 lubernis
531 782 671 850 iniussu
697 777 862 852 Caesaris
878 777 1151 862 discedendum,
1178 777 1449 850 existimabant:

349 899 559 996 quantaeuis
585 921 740 992 ningues
764 899 874 968 etiam
898 897 1022 990 capias
1056 892 1319 969 Gernzanorum
1353 897 1451 964 susti·

351 1016 431 1084 neri
451 1012 557 1109 possa
581 1014 729 1081 munitis
755 1009 932 1092 lu'bernis,
958 1005 1155 1082 docebant.-
1181 1033 1258 1081 rem
1274 1031 1354 1080 esse
1371 1007 1453 1078 testi-

350 1131 493 1216 monio,
518 1124 616 1223 quod
633 1129 795 1218 prunum
821 1123 979 1196 liostium
1004 1127 1189 1220 inpetum,
1214 1125 1347 1194 multis
1378 1122 1453 1194 ultro

350 1239 554 1316 uulneribus
571 1239 691 1312 inlatis
704 1291 717 1322 ,
726 1236 936 1332 fhrtissime
959 1241 1212 1309 sustinuerint.-
1238 1261 1281 1308 re
1292 1234 1454 1330 frumen·

352 1358 445 1424 tarra
471 1379 541 1424 non
562 1355 705 1450 premi:
729 1357 863 1425 interea
888 1365 922 1424 et
946 1375 994 1424 ex
1023 1355 1203 1448 proximis
1241 1350 1400 1424 hibernis
1428 1358 1453 1418 et

351 1493 374 1536 a
401 1465 552 1538 Caesare
577 1479 792 1546 conventura
816 1463 998 1536 subsidia:
1026 1469 1239 1561 postremo,
1277 1461 1367 1560 quid
1394 1481 1454 1530 esse

352 1586 464 1658 levius
489 1597 553 1656 aut
578 1587 742 1676 turpius,
769 1607 899 1680 quarn,
923 1595 1069 1654 auctare
1093 1580 1220 1670 hoste,
1245 1581 1293 1656 de
1320 1579 1454 1652 sunuais

352 1697 456 1770 rebus
482 1722 607 1794 capere
631 1697 856 1769 consilioue?

404 1835 466 1908 29.
492 1811 631 1884 Contra
648 1837 691 1885 ea
709 1813 898 1900 Titurius,
922 1835 1001 1886 sero
1014 1807 1204 1904 facturos,
1229 1808 1455 1892 clamitabat,

353 1955 464 2025 quum
489 1933 641 2002 maiores
666 1928 825 2002 hostium
852 1954 1003 2015 manus,
1044 1927 1223 2001 adiurscta's
1249 1930 1455 2012 Germanis,

354 2048 617 2115 conseru'ssent:
648 2057 711 2116 aut
736 2070 847 2142 quum
872 2043 1011 2141 aliquid
1034 2043 1249 2118 calamitatis
1286 2051 1326 2118 in
1350 2045 1456 2142 prosi·

354 2163 424 2233 mis
451 2156 607 2232 hibernis
632 2173 724 2234 esset
749 2171 959 2257 acceptam,
992 2157 1129 2232 brevem
1162 2157 1375 2234 cons-alendi
1395 2177 1456 2226 esse

353 2267 601 2346 occasionem:
629 2273 817 2348 Caesarem
842 2271 1013 2346 arbitrari
1026 2271 1230 2371 pnffectum
1247 2278 1289 2344 in
1308 2269 1457 2343 ltaliam:

354 2415 465 2486 neque
488 2391 592 2463 alim
617 2391 791 2464 Carnutes
816 2381 1061 2483 interficiundi
1090 2389 1253 2489 Tasgetii
1283 2389 1454 2464 consilius

346 2506 470 2600 fecisse
494 2521 682 2604 capturas,
705 2530 817 2604 neque
843 2505 1025 2580 Eburones
1042 2559 1054 2596 ,
1069 2509 1103 2580 si
1118 2507 1176 2582 ille
1192 2507 1354 2594 adesset,
1372 2515 1453 2576 tanta

353 2645 437 2690 curn
463 2626 694 2692 contemtione
719 2624 835 2692 nostri
857 2620 907 2694 ad
929 2635 1050 2694 castra
1076 2635 1239 2694 venturos
1263 2647 1369 2696 esse:
1399 2639 1454 2688 nou

353 2731 490 2804 hostem
515 2747 723 2822 auctorem,
746 2735 812 2807 sed
833 2761 908 2808 rem
925 2749 1106 2832 spectare‚·
1121 2735 1263 2811 subesse
1282 2736 1454 2834 libanumt

353 2874 483 2946 magno
509 2873 586 2922 esse
613 2847 800 2923 Germanis
825 2850 942 2922 dolari
966 2849 1143 2924 Ariovisti
1166 2867 1318 2926 mortem
1348 2863 1381 2926 et
1403 2871 1456 2919 su·

351 2967 510 3058 periores
536 2977 675 3036 nostras
702 2971 894 3036 uictorias:
918 2965 1043 3037 arone
1069 2965 1243 3056 Galliam,
1268 2980 1322 3042 tot
1350 2973 1453 3038 aorttt·

353 3077 472 3170 meliis
497 3084 650 3176 acceptis
668 3079 733 3150 sul>
752 3079 886 3175 Populi
901 3079 1056 3152 Romani
1071 3085 1261 3179 imperium
1277 3081 1453 3155 redactae

354 3197 537 3283 superiore
559 3193 680 3290 gloria
706 3197 760 3265 rei
782 3194 950 3265 militaris
976 3199 1165 3272 exstincta.
1243 3197 1454 3270 Postremo,

355 3309 435 3404 quis
462 3306 531 3378 noc
556 3307 627 3380 sihi
646 3307 899 3406 persuaderet,
924 3313 1003 3386 sine
1027 3323 1125 3384 certa
1150 3335 1189 3388 re
1222 3310 1454 3406 Αῐηίὶίοΐὶῧθῑη

385 3577 493 3628 magnas
510 3564 596 3612 etiarn.
621 3559 689 3612 llaec
706 3557 784 3616 verbs
807 3559 880 3614 clele-
947 3561 995 3616 Gr.
1015 3571 1116 3626 etesias.

355 3629 447 3678 verim.
462 3627 554 3678 Voluit
564 3627 659 3706 uliquis
668 3625 795 3698 explicare
804 3647 881 3696 quart·
1012 3637 1076 3682 rior.
1088 3644 1204 3684 rnortem.
1229 3631 1366 3686 Cluverius
1387 3623 1454 3697 (Gef'

354 3699 434 3746 toruis
451 3699 551 3763 copias,
564 3703 590 3746 et
602 3693 743 3764 explicavit
754 3696 807 3756 sic,
830 3714 883 3748 ma·
950 3715 1021 3750 mou.
1045 3715 1072 3760 r,
1092 3703 1144 3761 55)
1166 3699 1266 3751 mavult
1282 3712 1374 3751 sortem
1396 3691 1452 3756 1²6¹·

351 3782 417 3830 goras
442 3767 519 3813 esaon
544 3765 641 3832 copias.
678 3762 714 3812 M.
753 3761 882 3833 Exempla
949 3765 1010 3836 quia
1024 3767 1106 3818 victus
1119 3752 1451 3836 Ariovistnsettugnisod·

355 3831 435 3880 troius
453 3831 598 3900 pleonasmi
612 3827 805 3900 protulitOud.
840 3839 883 3883 ost
950 3849 1028 3906 supro
1050 3855 1078 3894 r,
1098 3831 1136 3884 53.
1162 3835 1199 3886 At
1219 3836 1337 3904 potuita
1354 3827 1453 3880 iuuere,

356 3897 501 3948 narnium.
528 3897 668 3950 Rationem
687 3906 799 3966 exponit
833 3900 882 3950 ori·
950 3901 980 3950 in
1008 3899 1094 3952 Gallio
1124 3909 1252 3971 eccepto,
1282 3912 1327 3954 eut
1354 3903 1452 3964 maenus

353 3965 445 4014 eonius
462 3963 495 4020 ad
512 3963 614 4018 Sanctii
631 3963 779 4016 litinerscrn
798 3963 880 4032 3,14.
951 3969 1027 4020 mori.
1052 3965 1129 4020 Libri
1146 3970 1316 4022 cernuntiuut
1335 3977 1417 4019 omncs
1432 3969 1453 4003 ¹¹¹

354 4049 381 4099 p.
401 4027 459 4096 493.
950 4033 1062 4088 lectione
1078 4047 1199 4097 osorton,
1216 4037 1298 4088 etiam
1316 4034 1361 4087 tul.
1377 4025 1453 4080 ΕΜ

385 4094 568 4170 interficiundi.
609 4099 647 4152 sic
663 4097 742 4152 codd.
759 4107 791 4152 ut
809 4118 839 4162 2,
857 4115 881 4168 7.
971 4140 978 4152 .
996 4105 1044 4159 tii,
1063 4113 1088 4153 et
1106 4103 1204 4156 Grueca
1222 4099 1395 4176 metaphrasis.
1408 4086 1452 4140 ΕΑ·

350 4166 473 4230 potiundi
490 4175 538 4218 eta.
950 4119 1001 4218 lar.
1028 4171 1098 4221 Ante
1111 4169 1452 4224 Ceturirrminmttotamtss'

391 4231 417 4282 T
416 4243 516 4298 asgeri.
543 4231 586 4284 Cl.
603 4251 625 4285 c.
644 4237 685 4284 25.
704 4231 743 4284 M.
951 4253 1001 4288 nors
1020 4241 1166 4288 monuerat.
1192 4239 1231 4289 M.

390 4311 513 4368 spectare.
540 4297 573 4351 sl.
600 4315 754 4370 exspectare.
984 4309 1038 4354 sine
1054 4319 1122 4356 certa
1140 4305 1386 4358 re-rlrseendisse.
1400 4305 1449 4342 ΠΨ·

390 4367 504 4425 subesse,
533 4367 712 4440 propinquum
738 4387 799 4420 esse.
839 4369 883 4430 M,
950 4369 1040 4426 silium
1056 4371 1160 4426 dedisse
1177 4392 1197 4428 s.
1215 4374 1325 4428 suasisse
1345 4371 1450 4424 ltoffldms
