3068 5260
323 297 385 398 26
685 331 741 396 uu
775 335 909 396 Bucco
944 339 1065 400 onon.
1113 353 1120 364 ·

324 541 473 630 aberat,
498 539 550 613 rei
575 538 839 614 frumentariae
860 539 1437 640 prospiciendumexistimavit,

323 642 396 730 iter
414 657 460 728 ab
478 655 657 728 Helvetiis
674 658 815 730 avertit
834 681 877 730 ac
892 657 1065 732 Bibracte
1081 661 1132 730 ire
1147 659 1357 733 contendit.
1383 661 1438 733 Ea

323 801 382 847 res
400 799 464 872 per
482 773 659 874 fugitivos
676 774 719 845 L.
734 772 903 862 Aemilii,
929 771 1138 846 decurionis
1161 775 1331 870 equitum
1352 776 1439 850 Gal·

322 889 464 979 lorum,
483 888 653 962 hostibus
668 889 879 962 nunciatur.
906 887 1090 979 Helvetii,
1105 913 1167 962 seu
1183 890 1282 988 quod
1297 895 1437 966 timore

323 1007 541 1103 perterritos
566 1005 757 1076 Romanos
783 999 970 1076 discedere
988 1028 1009 1076 a
1027 1027 1065 1076 se
1087 1003 1368 1093 existimarent,
1395 1031 1438 1078 eo

324 1126 460 1226 magis,
475 1122 576 1221 quod
590 1121 723 1220 pridie,
738 1118 989 1218 superioribus
1003 1117 1095 1192 locis
1110 1123 1319 1218 occupatis,
1333 1147 1440 1220 proe-

322 1237 415 1311 lium
437 1263 513 1310 uon
535 1235 847 1320 commovissem
868 1233 947 1306 sive
961 1257 1005 1306 eo
1024 1233 1124 1332 quod
1138 1259 1177 1306 re
1193 1233 1440 1308 frumentaria

323 1353 521 1428 intercludi
541 1374 647 1451 posse
666 1349 916 1434 confiderenla
943 1357 1179 1424 commutato
1202 1351 1359 1426 consilio
1378 1361 1440 1426 at-

324 1491 397 1566 que
411 1468 543 1540 itinere
563 1487 770 1551 converso,
786 1472 932 1536 nostros
951 1489 972 1536 a
991 1465 1194 1538 novissimo
1214 1467 1362 1566 agmine
1380 1468 1440 1540 in-

325 1585 428 1682 sequi
455 1609 499 1655 ac
525 1581 704 1654 lacessere
732 1585 949 1678 coeperunt.

377 1717 437 1792 24.
455 1699 657 1794 Postquam
675 1695 712 1770 id
727 1697 892 1768 animum
908 1695 1071 1772 advertit
1082 1751 1093 1787 ,
1104 1697 1231 1796 copias
1244 1723 1328 1772 suas
1344 1698 1442 1772 Cae·

325 1840 386 1888 sar
405 1819 442 1888 iu
463 1816 674 1913 proximum
694 1811 826 1886 collem
847 1812 1041 1904 subducit,
1056 1815 1362 1912 equitatumque,
1376 1817 1442 1914 qui

326 1933 527 2006 sustineret
553 1931 717 2002 hostium
744 1931 940 2028 inpetum,
967 1931 1078 2004 misit.
1119 1931 1198 2026 lpse
1224 1933 1375 2004 interim
1403 1935 1442 2006 in

327 2047 421 2122 colle
449 2048 571 2120 medio
598 2045 780 2144 triplicem
800 2045 918 2116 aciem
937 2045 1115 2120 instruxit
1131 2047 1319 2147 legionum
1346 2075 1442 2147 qua-

275 2182 276 2186 ’
326 2173 416 2240 tuor
444 2173 727 2252 veteranarum,
753 2163 826 2251 ita,
854 2163 907 2234 uti
935 2187 1048 2262 supra
1073 2191 1112 2237 se
1128 2165 1167 2238 in
1186 2191 1333 2240 summo
1352 2168 1442 2269 iugo

327 2281 418 2353 <liras
437 2279 619 2379 legiones,
645 2301 737 2374 quas
764 2278 801 2348 in
829 2275 950 2350 Gallia
968 2279 1139 2352 citeriore
1158 2281 1327 2376 proxime
1346 2305 1443 2354 con-

327 2396 552 2492 scripserat,
586 2399 625 2466 et
652 2392 777 2465 omnia
803 2389 940 2464 auxilia
967 2391 1207 2466 conlocaret:
1242 2419 1286 2466 ac
1313 2401 1443 2468 totum

331 2518 500 2585 montem
528 2509 740 2583 hominibus
768 2505 945 2605 compleri
973 2515 1012 2582 et
1038 2509 1180 2581 interea
1205 2511 1370 2585 sarcinas
1404 2513 1443 2585 in

331 2653 450 2702 urium
471 2627 598 2700 locum
618 2622 777 2698 conferri
797 2629 834 2695 et
853 2648 937 2695 eum
956 2623 1003 2696 ah
1022 2624 1097 2712 his,
1115 2626 1179 2723 qui
1197 2625 1234 2698 in
1253 2631 1444 2727 superiore

328 2741 408 2814 acie
429 2741 696 2824 constiterant,
715 2737 850 2809 muniri
870 2739 988 2812 iussit.
1014 2733 1194 2828 Helvetii,
1212 2765 1301 2814 cum
1320 2745 1446 2817 omni·
1476 2763 1480 2770 ·

327 2855 398 2926 bus
425 2854 499 2925 suis
527 2852 641 2926 carris
661 2851 798 2940 secuti,
827 2852 1079 2950 inpedimenta
1105 2855 1143 2926 in
1172 2879 1290 2927 unum
1315 2854 1443 2930 locum

330 2968 597 3042 contulerunt:
633 2968 701 3064 ipsi
735 2966 1006 3040 confertissima
1042 2971 1121 3042 acie
1146 2972 1287 3044 reiecto
1314 2981 1444 3047 nostro

329 3086 515 3183 equitatu,
537 3081 718 3183 phalange
736 3081 855 3173 facta,
873 3083 941 3156 sub
960 3085 1120 3183 primam
1142 3091 1308 3160 nostram
1325 3091 1445 3164 aciem

330 3203 603 3279 successerunt.

362 3357 420 3403 iter.
439 3351 473 3404 al.
490 3364 516 3402 et
532 3355 591 3402 iter.
920 3353 965 3414 (c.
986 3353 1038 3414 52)
1066 3353 1200 3416 armavit,
1230 3358 1368 3426 perspicue
1397 3355 1444 3410 de.-

363 3421 501 3474 Discedere
524 3439 541 3469 α
563 3436 598 3468 se.
629 3422 662 3473 'ri
678 3435 695 3467 a
711 3433 739 3468 re
761 3417 853 3472 omisit
921 3419 1028 3488 scripsit
1051 3419 1207 3492 phalangem
1232 3424 1444 3484 Germanorum,

329 3487 463 3554 Scaliger,
481 3485 607 3538 suadente
624 3485 772 3537 Ciacronio.
920 3504 988 3555 quae
1010 3485 1165 3556 descriptio,
1196 3500 1304 3560 propter
1332 3491 1444 3544 Germa-

361 3557 562 3606 rornmnvissent.
580 3551 613 3604 al.
631 3557 823 3603 commisissent.
919 3571 1016 3603 norum
1033 3572 1094 3605 cum
1112 3554 1195 3608 Gallis
1219 3557 1442 3617 similitudinem,

362 3621 491 3689 eoquod.
527 3627 601 3676 Tiro
618 3619 751 3670 Ciacconii
770 3618 852 3672 codex
920 3621 1000 3670 etium
1029 3621 1056 3670 in
1094 3621 1233 3674 Gallorum
1268 3624 1444 3694 palralauqcm,

328 3687 488 3742 nonhabet.
506 3687 685 3757 comparetin
703 3685 771 3738 eliis.
919 3686 952 3740 dc
981 3705 1031 3758 qua
1061 3687 1105 3741 hic
1132 3709 1218 3741 sermo
1236 3701 1291 3752 est,
1311 3691 1468 3744 convenit'

362 3761 476 3807 anianum
493 3755 614 3805 advertit.
640 3753 680 3805 lta
698 3753 820 3806 Davisius
838 3775 852 3808 e
920 3754 993 3806 Dicit
1006 3771 1065 3820 ergo
1091 3755 1146 3808 lieri
1163 3757 1358 3810 Germanorum
1378 3761 1444 3830 plm-

328 3823 403 3876 codd.
421 3823 463 3874 Cf.
477 3821 560 3876 Gmn.
578 3822 611 3874 od
629 3821 687 3872 Liv.
705 3832 753 3884 24,
772 3825 812 3886 48.
920 3821 1039 3887 lanpem,
1060 3837 1148 3874 coacto
1168 3829 1195 3874 in
1222 3845 1299 3875 unum
1321 3833 1443 3894 agrariae,

361 3909 427 3960 quas
438 3917 471 3928 -
479 3893 670 3958 contempserat.
684 3887 755 3940 cte.
766 3906 802 3940 ro.
809 3889 851 3941 M.
920 3894 995 3938 scaris
1014 3907 1134 3958 desupra
1149 3904 1223 3962 caput
1235 3901 1371 3944 contextis.
1391 3895 1446 3945 ltn-

362 3957 515 4008 oonlocaret.
545 3955 591 4010 Sic
618 3955 675 4008 cod.
705 3952 851 4008 Leidensis.
941 3975 971 4006 ue
985 3909 1100 4024 phalanx
1117 3955 1311 4012 Germanorum
1325 3963 1378 4013 luit
1401 3982 1445 4014 ca-v

328 4018 404 4074 lrcna.
424 4023 501 4091 virlgo
518 4033 574 4074 erat
598 4023 743 4082 conlocari,
772 4042 851 4075 seusu
919 3975 998 4082 llum,
1025 4041 1093 4101 quae
1117 4027 1223 4078 testudo
1249 4027 1445 4087 Romanorum.

329 4109 384 4143 non
400 4089 486 4159 pleno·
503 4089 559 4141 Alii
576 4085 676 4142 habeut
692 4089 851 4152 curalocarr't,
939 4089 1100 4142 unmLivius
1117 4091 1165 4156 34,
1179 4095 1226 4160 39,
1241 4103 1268 4144 et
1276 4096 1405 4146 Arrianus
1420 4099 1446 4146 in

330 4157 471 4224 complevit.
919 4107 1018 4210 liene.
1028 4175 1055 4235 p.
1065 4157 1097 4210 33
1106 4159 1309 4232 descripserunt.
1318 4163 1378 4231 lpsc
1385 4182 1446 4214 vero

362 4224 483 4288 compleri
500 4235 525 4272 et
543 4221 576 4274 ul.
594 4223 739 4290 compleret.
919 4223 1014 4276 Ceresue
1027 4227 1095 4278 rnl'ra
1108 4226 1190 4289 elicit,
1204 4228 1301 4279 milites
1313 4229 1446 4281 llomauns

361 4291 492 4357 plnrlangc
503 4293 590 4358 ¹hictu.
609 4293 718 4341 (husus
737 4295 781 4352 (6,
800 4295 847 4350 7i,
919 4297 947 4344 in
956 4292 1298 4362 plrulauqasGcrnrapnrum
1308 4296 1445 4354 insiliisse,

331 4359 378 4412 uhi
395 4377 424 4410 cn
443 4366 556 4420 tractat,
575 4375 640 4428 quae
659 4360 753 4410 Cacsar
781 4359 849 4412 iulia
919 4371 990 4412 scuta
1005 4364 1127 4416 mnitibus
1143 4362 1280 4418 revulsissc
1296 4371 1323 4415 ct
1338 4363 1445 4434 desuper
