3040 5264
343 343 406 443 70
651 397 656 404 .
707 341 763 406 DE
796 343 931 409 asum
964 343 1088 406 GALL.

337 548 518 624 Celeriter
535 543 652 622 vineis
677 547 725 622 ad
750 545 929 648 oppidum
955 549 1070 638 actis,
1096 569 1230 650 aggere
1248 549 1352 624 iacta
1373 556 1457 625 tur·

337 665 516 762 risusque
558 664 803 754 constitutis,
842 665 1101 765 magnitudine
1140 689 1324 764 operum,
1359 679 1463 762 quae·

338 805 460 880 neque
500 781 672 856 videraut
711 789 801 854 ante
836 781 964 871 Galli,
997 805 1120 880 neque
1147 769 1379 870 audierant,
1419 785 1459 854 et

339 897 530 972 celeritate
548 900 805 972 Romanorum
824 901 984 998 permoti
1000 952 1011 986 ,
1030 883 1173 998 legatos
1190 897 1237 971 ad
1254 897 1459 971 Caesarem

337 1013 385 1120 de
411 1015 601 1092 deditione
627 1017 788 1090 mittunt
812 1022 871 1102 et,
897 1015 1112 1116 petentibus
1130 1015 1256 1090 Remis
1270 1065 1290 1104 ,.
1310 1021 1354 1088 ut
1368 1037 1461 1088 con·

338 1139 608 1224 servarentur,
636 1135 841 1233 inpetrant.

391 1253 450 1326 13.
476 1251 639 1342 Caesar,
674 1246 865 1322 obsidibus
899 1249 1096 1347 acceptis,
1131 1249 1261 1346 primis
1287 1248 1459 1324 civitatis

335 1369 451 1462 atqua
489 1365 605 1462 ipsius
644 1361 784 1436 Galbae
819 1362 930 1463 Regis
966 1361 1112 1436 duobus
1145 1363 1229 1435 filiis
1268 1365 1458 1462 armisque

335 1477 510 1573 omnibus
538 1502 585 1550 ex
611 1475 746 1578 oppido
772 1475 946 1566 traditis,
974 1477 1013 1550 in
1044 1476 1273 1550 deditionem
1290 1479 1458 1550 Suessio-

334 1614 401 1664 nes
431 1593 607 1691 accepit,
632 1592 916 1688 exercitumque
932 1592 971 1664 in
987 1589 1344 1666 Bellovacosduxit.
1380 1593 1458 1684 Qui

335 1725 453 1802 quum
480 1729 518 1779 se
545 1729 685 1804 suaque
715 1706 841 1780 omnia
866 1705 905 1778 in
932 1705 1112 1804 oppidum
1136 1705 1457 1804 Bratuspantium

334 1821 601 1913 contulissent,
627 1831 741 1921 atque
768 1824 815 1896 ab
842 1846 887 1896 eo
913 1821 1050 1921 oppido
1076 1823 1328 1896 Caesareum
1356 1845 1457 1896 exer·

334 1936 414 2011 citu
440 1939 589 2014 circiter
608 1937 710 2014 milia
734 1960 909 2034 passuum
937 1938 1103 2034 quinque
1129 1935 1295 2019 abesset,
1322 1957 1456 2010 omnen

332 2055 492 2130 maiores
518 2063 610 2132 natu
649 2079 696 2129 ex
736 2054 872 2154 oppido
900 2055 1055 2154 egressi,
1081 2078 1214 2130 manus
1240 2051 1287 2126 ad
1314 2057 1454 2130 Caesa-

332 2193 414 2244 rem
444 2171 595 2244 tendere
623 2175 663 2246 et
689 2193 782 2242 voce
809 2169 1014 2268 significare
1049 2173 1283 2266 coeperunt,
1305 2191 1385 2242 sese
1412 2169 1454 2243 io

333 2286 411 2358 eius
437 2285 548 2358 tidem
575 2308 618 2356 ac
647 2291 872 2384 potestatem
901 2285 1194 2382 venire‚·neqoe
1221 2289 1355 2359 contra
1382 2284 1454 2356 Po-

334 2399 465 2499 pulum
491 2397 844 2488 Romanumlarmis
871 2399 1109 2477 contendere.
1164 2402 1292 2490 Item,
1329 2423 1453 2498 quum

335 2518 383 2594 ad
409 2517 588 2617 oppidum
615 2505 828 2590 accersisset
854 2526 1050 2614 castraque
1075 2516 1126 2590 ibi
1144 2521 1324 2616 poneret,
1343 2519 1452 2617 pueri

333 2636 583 2729 mulieresque
609 2653 656 2702 ex
682 2655 790 2706 muro
818 2634 932 2730 passis
957 2633 1131 2708 manibus
1156 2656 1223 2732 suo
1249 2657 1354 2708 more
1380 2661 1452 2736 pa-

335 2778 419 2830 cem
447 2752 494 2824 ab
520 2747 699 2820 Romanis
726 2748 926 2846 petierunt.

388 2881 447 2958 14.
471 2867 545 2940 Pro
572 2863 628 2938 his
654 2864 861 2938 Divitiacus
889 2866 994 2961 (nam
1020 2871 1107 2962 post
1132 2863 1334 2953 discessura
1361 2869 1451 2946 Bel-

333 3009 496 3086 garom,
535 2981 692 3056 dimissis
733 2980 949 3056 Aeduorum
990 2983 1106 3081 copiis
1132 2982 1177 3060 ad
1205 3007 1291 3058 eum
1317 3011 1451 3062 rever·

332 3097 449 3193 terat)
477 3098 568 3172 lacit
595 3097 735 3168 verba:
773 3095 980 3170 Bellovacos
1006 3103 1283 3198 omnitempore
1308 3106 1348 3174 in
1364 3099 1449 3198 fida

334 3231 439 3314 atqua
463 3217 623 3286 amicitia
641 3213 796 3284 civitatis
819 3211 1122 3306 Aeduaasuassa:
1147 3213 1305 3308 inpulsos
1323 3243 1347 3286 a
1368 3224 1448 3292 suis

329 3327 570 3427 principibus,
596 3329 659 3424 qui
683 3323 854 3412 dicarant,
874 3325 1038 3416 Aeduos,
1058 3353 1081 3398 a
1100 3327 1309 3402 Caesarem
1331 3337 1450 3406 sarai-

331 3456 443 3515 tutcm
461 3441 644 3527 reductos,
664 3463 785 3511 omnes
800 3441 1033 3540 indignitates
1051 3445 1353 3544 contumeliasque
1368 3471 1450 3540 per·

315 3557 447 3654 farm
457 3573 492 3633 at
508 3557 552 3630 ab
570 3555 707 3632 Aedm's
721 3555 913 3653 dafiarssa,
929 3571 964 3632 ct
981 3559 1119 3658 Populo
1132 3561 1294 3634 Romano
1314 3561 1449 3636 bellum

365 3832 478 3886 narizan
487 3836 636 3886 constitutis.
654 3829 713 3884 vet.
726 3829 784 3884 ced.
797 3849 857 3884 aon·
921 3837 949 3884 ct
965 3830 1035 3902 qrrcd
1053 3833 1167 3886 armarit
1178 3831 1293 3898 saecula,
1305 3851 1392 3906 prope
1404 3835 1445 3888 ri·

331 3905 446 3954 macris.
464 3901 552 3954 sonan
570 3919 584 3952 e
600 3897 692 3970 glossa.
919 3917 979 3950 cum
996 3897 1107 3954 Breieril
1124 3901 1152 3952 in
1171 3903 1291 3972 paroecia
1317 3902 1446 3960 Venderil

367 3965 586 4022 callaeciae.
605 3975 628 4032 4,
647 3967 683 4016 Μ.
920 3967 1078 4045 superfuisse
1099 3970 1209 4036 vestigia
1232 3967 1304 4022 urbis
1331 3967 1382 4020 snb
1400 3989 1446 4021 na-

365 4033 583 4104 Bratuspantium.
609 4025 681 4084 lrstm
707 4051 762 4088 esec
791 4051 854 4086 cuna
920 4031 1192 4104 mancBranruapanta
1208 4035 1291 4088 docet.
1303 4033 1446 4088 Olrtulerat

330 4097 477 4154 Ptolemaei
492 4100 685 4168 Caesaromago
706 4099 855 4152 Bellovaco·
919 4100 1079 4154 Academiae
1096 4102 1227 4156 Patisium
1245 4101 1314 4154 olim
1330 4102 1380 4155 cel.
1399 4104 1445 4156 Bo-

331 4185 411 4286 νᾶπι,
429 4177 520 4286 posterla
524 4169 574 4286 Aeic
590 4165 661 4246 dicto
680 4169 707 4218 iu
727 4165 854 4248 honorem
919 4169 994 4248 nami
1005 4167 1218 4287 dissertationepa
1234 4167 1267 4222 de
1284 4169 1445 4238 Bratuspan-

330 4251 601 4380 1..2?,‘;¹⁵s1.⁶...¹¹⁸“
598 4243 694 4379 tta?
695 4237 854 4362 “ilidii
918 4245 1172 4356 tla‘lf'iif'l.
1189 4255 1445 4374 rl‘ilnlli‘tssff

330 4365 466 4422 Cedlarrua.
496 4373 535 4422 At
551 4335 701 4420 ll’annll·
722 4374 783 4420 aute
800 4367 870 4426 dua,
952 4371 987 4421 ad
1003 4369 1411 4425 umr·ev.udcmarem.a1.
