3068 5260
394 365 475 468 'un
509 409 536 468 1.
570 409 662 468 cnr.
697 374 873 472 23-25.
1126 359 1187 505 hp

132 606 193 680 25.
219 607 373 696 Caesar,
400 609 565 707 primum
582 633 670 696 suo,
697 608 828 682 deinde
847 609 1014 684 omnium
1034 635 1081 684 cx
1100 635 1194 684 con·

78 728 212 822 spectu
238 724 392 794 remotis
422 723 545 820 equis,
573 730 616 796 ut
642 733 803 820 aequato
830 727 999 797 omnium
1026 726 1194 823 periculo

79 863 186 938 spem
202 839 312 939 fugae
330 836 501 928 tolleret,
524 839 744 913 cohortatus
763 865 868 928 suos,
887 842 1070 941 proelium
1088 867 1197 936 com-

79 955 195 1031 misit.
245 951 411 1042 Milites,
437 977 457 1025 e
483 951 567 1026 loco
594 955 783 1052 superiore
811 953 891 1052 pilis
918 957 1063 1045 missis,
1090 957 1197 1030 facile

79 1065 249 1140 hostium
268 1065 489 1166 phalangem
504 1065 773 1167 perfregerunt.
799 1071 853 1142 Ea
872 1070 1046 1161 disiecta,
1067 1070 1197 1168 gladiis

81 1179 270 1254 destrictis
288 1182 326 1252 in
345 1204 407 1253 eos
425 1183 594 1278 inpetum
614 1182 795 1257 fecerunt.
841 1183 957 1256 Gallis
983 1208 1120 1285 magno
1149 1184 1198 1258 arl

80 1303 360 1400 pugnam¹erat
393 1296 675 1396 inpedimento,
708 1297 834 1394 quod,
869 1299 1035 1398 pluribus
1067 1325 1198 1374 eorum
1242 1343 1246 1372 ι

81 1418 200 1490 scutis
219 1440 294 1489 uno
310 1417 391 1488 ictu
409 1413 569 1512 pilorum
589 1414 777 1486 transfixis
793 1421 830 1487 et
843 1415 1061 1517 conligatis,
1080 1443 1197 1515 quum

81 1532 225 1605 ferrum
242 1555 281 1604 se
298 1528 519 1612 inflexisset,
538 1551 657 1626 neque
675 1527 854 1620 evellere,
881 1555 1023 1628 neque,
1049 1533 1200 1604 sinistra

83 1643 272 1744 inpedita,
297 1643 386 1716 satis
405 1641 602 1716 commode
620 1666 787 1744 pugnare
808 1649 1001 1740 poterant3
1030 1645 1135 1719 multi
1155 1653 1199 1719 ut

83 1757 149 1831 diu
167 1760 306 1847 iactato
324 1757 478 1830 brachio
496 1757 760 1854 praeoptarent
778 1764 929 1831 scutum
953 1783 1068 1832 manu
1087 1762 1199 1832 emit-

82 1883 164 1950 tere
191 1881 230 1949 et
256 1873 357 1947 nudo
384 1897 540 1971 corpore
568 1896 744 1971 pugnare.
786 1873 954 1948 Tandem
981 1873 1199 1948 vulneribus

83 1990 214 2062 defessi
225 1995 293 2079 ,et
310 1987 441 2088 pedem
459 1987 615 2076 referre,
632 1994 689 2077 et,
717 1987 818 2085 quod
836 2013 942 2061 mons
959 1989 1110 2062 suberat
1128 1991 1201 2063 cir·

83 2105 179 2176 citer
197 2101 285 2174 mile
304 2125 499 2200 passuum,
526 2125 569 2173 eo
587 2125 625 2174 se
643 2103 807 2200 recipere
826 2077 1041 2201 coeperunt.
1075 2105 1197 2202 Capto

83 2224 216 2292 monte
235 2225 274 2290 et
292 2216 578 2290 succedentibus
597 2217 754 2306 nostris,
779 2217 859 2288 Boii
881 2224 920 2289 ct
937 2217 1108 2316 Tulingi,
1134 2217 1199 2312 qni

84 2336 282 2416 hominum
300 2333 451 2407 milibus
468 2333 620 2405 circiter
646 2335 716 2402 rv
742 2355 874 2430 agmen
900 2333 1066 2418 hostium
1094 2333 1201 2404 clau-

87 2449 229 2526 debant
267 2455 306 2538 et
344 2447 555 2522 novissimis
593 2443 775 2546 praesidio
817 2451 950 2536 eraut,
991 2471 1039 2520 ex
1069 2447 1200 2526 itinere
1269 2521 1273 2529 ,

86 2676 239 2732 vulnerasse
249 2677 353 2730 hostes:
386 2693 435 2730 uae
447 2675 555 2748 quidem
567 2674 611 2728 in-

87 2746 203 2807 dicant,
224 2755 348 2798 contexta
367 2694 447 2798 inisse
464 2753 539 2798 scuta
564 2761 611 2795 su-

85 2831 136 2934 per
146 2815 243 2884 capita.
256 2813 343 2866 Orosii
360 2811 447 2865 locum
466 2813 518 2862 iam
530 2809 611 2864 llhcl-

101 2881 192 2934 'canus
220 2890 246 2933 st
274 2880 412 2935 Manutius
440 2899 501 2932 cum
520 2888 611 2938 nostro

86 2956 286 3020 compararunt.
312 2947 398 3016 Igitur
415 2946 530 3017 phalanx
547 2945 572 2996 h.
593 2943 610 2996 l.

87 3035 144 3070 non
161 3027 217 3070 tam
242 3025 282 3068 ast
299 3023 466 3084 σνικσπωμὲς,
491 3023 522 3066 ut
546 3015 612 3067 Ges-

86 3105 152 3138 nero
170 3088 198 3136 iu
217 3083 295 3137 'lhos
320 3083 416 3154 Lingu.
446 3081 505 3133 Lat.
525 3083 612 3151 visum

87 3161 152 3210 est,
190 3169 272 3222 quarn
296 3155 390 3219 pilot-is.
418 3149 472 3204 vid.
502 3149 612 3206 omnino

86 3221 219 3276 Arrianus
237 3219 294 3270 loco
310 3217 391 3289 paulo
408 3226 468 3280 anta
486 3215 611 3268 iudicato.

85 3287 131 3342 M.
162 3287 291 3339 Arrianus
320 3287 402 3358 ipsc,
431 3284 479 3360 qui
506 3283 612 3337 Graecis

86 3379 201 3414 soranis
224 3359 244 3414 ’ς
276 3361 335 3418 est,
363 3351 490 3420 Romanis
513 3355 613 3420 χιλῶηημ

85 3421 196 3480 dicha
229 3421 288 3473 crit.

121 3507 169 3539 suo
187 3493 270 3558 (equo
287 3490 414 3550 remoto).
430 3483 564 3538 Plutarch.
584 3483 613 3534 in

87 3555 166 3610 Caes-
183 3574 206 3608 c.
229 3558 267 3609 18·
293 3548 339 3624 ιΩρ
367 3563 399 3628 τῷ
421 3561 523 3624 Καίσαρι
547 3557 613 3610 issae

86 3629 231 3692 προήχθη,
257 3629 330 3696 τούτῳ
357 3630 415 3690 μὶν,
440 3621 494 3690 ips,
522 3626 614 3698 puisat

86 3697 209 3762 χρὲκμκι
221 3697 275 3760 :pis
290 3700 332 3754 rin
342 3697 430 3758 διὀξιν,
451 3697 489 3760 ϊξν
507 3695 523 3742 s·
546 3695 615 3754 ἴωμιν

86 3763 143 3824 (sc.
170 3761 251 3822 ιιζεὶ)
276 3760 313 3812 ixl
342 3763 393 3815 τοὺς
422 3763 548 3836 rolrpc'opt·
575 3762 615 3808 nal

86 3839 155 3944 ἶιῗς
184 3827 286 3894 ippirac
313 3827 412 3886 fridarii·
442 3822 485 3874 Cl·
503 3826 614 3874 baeton.

102 3913 120 3943 u

150 3910 174 3944 c.
191 3895 244 3952 t'o,
262 3910 342 3962 quem
359 3891 448 3943 locum
465 3907 556 3946 omnes
574 3889 615 3940 in·
651 3924 653 3930 ι

87 3967 220 4030 terpretcs
236 3960 291 4010 iam
309 3957 488 4012 coutulerunt.
507 3956 550 4007 M.

88 4024 91 4032 '
123 4045 158 4077 ex
168 4037 308 4096 conspersi.
324 4025 385 4077 Non
402 4023 533 4096 iungenda
551 4028 616 4076 suut

88 4092 153 4146 hacc
165 4131 173 4154 ,
202 4096 316 4142 omnium
332 4111 365 4143 ex
389 4087 540 4159 conspectu}
569 4087 615 4142 sed

88 4157 172 4221 haec,
195 4163 351 4210 remotior:
375 4170 506 4236 conspectu
534 4159 614 4224 equis.

88 4227 205 4300 Puderet
217 4225 265 4280 hoc
280 4237 400 4286 monere,
412 4226 465 4276 ursi
473 4223 599 4276 vidissem
606 4259 614 4282 ,

89 4294 221 4364 quosdam
251 4292 366 4346 offensos
400 4293 481 4344 luisse
509 4289 614 4350 vorbis,

89 4381 123 4411 e:
131 4373 280 4428 conspectu,
296 4379 377 4430 esque
388 4359 472 4412 deleta
484 4357 614 4409 voluisse:

89 4428 164 4519 guod
180 4429 214 4483 iis
232 4445 287 4482 uon
304 4428 482 4502 potuissetis
499 4433 615 4494 mentem

677 2677 787 2741 penite,
812 2679 865 2732 uisi
890 2679 979 2750 inepte
1001 2681 1202 2744 coniunxissent

678 2763 739 2800 cnm
761 2749 875 2810 genitivo
892 2751 1013 2798 amidam.
1030 2749 1074 2800 M.
1099 2749 1198 2801 Gracco

678 2815 740 2866 nius
757 2813 864 2882 delerat.

712 2903 817 2960 remoto
835 2913 914 2978 equis.
932 2909 953 2960 l.
971 2909 1002 2962 C.
1019 2909 1053 2961 H.
1071 2909 1134 2962 addi
1153 2929 1202 2981 po-

680 2975 763 3027 stulat
774 2982 850 3027 iussu.
868 2977 920 3029 Serl
939 2979 960 3029 is
979 2980 1098 3048 pruritus
1114 2997 1203 3030 ornen-

679 3043 761 3094 rlandi
778 3045 982 3114 intempestivus
1001 3051 1048 3096 est.
1073 3044 1203 3116 lnterpru-

681 3117 737 3162 turn
754 3130 831 3164 nenio
849 3111 892 3164 hic
909 3111 993 3164 haesit
1013 3131 1140 3181 uuquam.

713 3217 823 3278 ¹qepunto
857 3209 969 3256 omnium
1000 3205 1122 3276 periculo.
1141 3203 1204 3272 lfl⁰t²

680 3282 793 3336 operatum
810 3271 880 3325 delet
897 3271 1018 3340 Scaliger.

710 3367 772 3436 pitis
789 3368 880 3416 missis.
899 3363 944 3418 alii
962 3364 1069 3420 omissis.

712 3457 810 3524 gladiis
822 3457 957 3506 destrictis.
976 3451 1009 3503 ol.
1022 3453 1155 3502 districtis.
1168 3445 1204 3504 V.'

682 3524 764 3578 Gan.
782 3524 816 3576 ad
832 3524 889 3573 Lis.
908 3538 954 3588 27,
976 3522 1014 3572 1³.

712 3603 827 3672 pluribus
861 3603 937 3650 scutis
983 3627 1015 3638 -
1057 3596 1205 3665 conligatis.

682 3669 750 3722 Nam
778 3678 851 3722 scuta
880 3663 1012 3737 capitibus
1030 3663 1068 3716 sic
1086 3665 1206 3733 impone·

681 3731 796 3800 bantur,
822 3743 853 3786 ut
882 3751 935 3783 uon
955 3749 1041 3802 margo
1060 3733 1205 3800 marginem

681 3811 798 3872 tangeret
815 3811 842 3853 et
859 3799 943 3866 yeluti
963 3801 1086 3857 tricaret,
1110 3797 1156 3848 scil
1174 3801 1206 3848 u't

681 3873 748 3924 scuti
768 3871 847 3932 unlus
869 3886 929 3938 pars
952 3867 1004 3918 lere
1026 3863 1138 3916 dimidia
1164 3874 1206 3916 te-

696 3935 829 4000 erctscuti
841 3933 948 3987 alterius
967 3929 1132 4003 superficiem
1152 3931 1205 3997 fere
1301 3989 1306 3999 .

680 3957 830 4058 iiiinidiam.
847 4001 914 4070 Ergo
937 4003 992 4053 ictu
1020 3997 1137 4070 pilorum
1159 4017 1206 4077 pp-

681 4081 768 4126 terant
796 4067 933 4124 commodo
961 4076 1037 4120 scuta
1061 4064 1095 4119 ad
1124 4065 1206 4118 mini-

681 4158 757 4191 mum
774 4137 828 4190 duo
846 4135 963 4204 transligi
982 4144 1063 4204 ebriis
1081 4135 1118 4184 ita
1137 4133 1206 4184 ferro

681 4205 798 4276 colligari
814 4225 835 4258 s.
853 4203 928 4272 adfigi
940 4202 1053 4255 alterum
1064 4199 1149 4253 alteri.
1162 4187 1205 4250 Μ.

715 4305 744 4336 eo
762 4303 789 4336 se
806 4288 917 4352 resipere
928 4291 1071 4348 conserunt.
1085 4278 1105 4330 l.
1123 4277 1152 4330 C.
1172 4277 1205 4328 H.

681 4353 775 4406 adiicit
787 4351 911 4406 Helvetii.
924 4347 1024 4422 Verum
1040 4346 1069 4400 id
1087 4364 1118 4411 cs
1136 4362 1205 4419 aurp

686 4430 766 4494 putet.
