3026 5264
725 377 779 436 DE
815 375 948 436 butro
983 379 1103 438 orltt.

360 577 528 652 accidere
555 583 636 652 erat
663 603 836 669 necesse,
876 603 992 678 quum
1027 581 1120 660 raris
1154 579 1376 676 disiectisque
1406 604 1441 652 ex

359 697 535 770 aediliciis
563 699 739 796 pabulum
768 703 1077 796 conquireretur,
1105 705 1146 770 ot
1174 698 1341 796 inpeditis
1370 697 1442 768 locis

362 812 513 910 dispersi
543 813 779 912 pabulatores
806 815 1187 886 circumvenirentur:
1215 835 1308 908 quae
1325 835 1377 882 res
1392 811 1445 882 etsi

362 929 548 1004 medioc're
575 933 841 1006 detrimentum
862 933 1113 1004 iumentorum
1133 956 1177 1004 ac
1194 951 1380 1002 servorum
1397 951 1445 996 oo·

360 1046 447 1118 stris
474 1045 683 1135 adferebat,
711 1053 837 1119 tamen
864 1043 1001 1118 stultas·
1017 1045 1265 1142 cogitationes
1291 1041 1447 1115 incitabat

362 1159 606 1233 barbarorum
618 1187 628 1246 3
656 1169 769 1260 atque
789 1185 832 1233 eo
852 1163 991 1260 magis,
1010 1159 1109 1258 qood
1128 1160 1339 1245 Commius,
1357 1180 1447 1254 quen

362 1273 575 1370 profectum
609 1275 654 1348 ad
695 1277 832 1350 auxilia
859 1277 1132 1348 Germanorum
1160 1271 1374 1346 arcessenda
1396 1269 1449 1342 do·

365 1387 455 1476 cui,
482 1413 569 1460 cum
597 1391 784 1488 equitibus
811 1397 989 1464 venerate
1030 1391 1091 1486 qui
1126 1393 1254 1462 tamm
1296 1388 1360 1459 etsi
1394 1407 1450 1456 no-

364 1525 468 1578 mero
495 1527 569 1576 non
597 1505 754 1604 amplius
781 1512 888 1578 erant
914 1504 1132 1604 quingenti,
1161 1512 1294 1577 tamen
1320 1501 1450 1574 Germa·

364 1645 498 1698 norum
526 1623 691 1696 advento
718 1624 866 1696 barbari
893 1620 1131 1694 inflabantur.

421 1765 477 1811 ιι.
504 1741 663 1828 Caesar,
696 1763 814 1836 quum
854 1739 1020 1812 animum
1047 1739 1288 1826 adverteret,
1328 1735 1451 1810 bostem

367 1859 577 1956 complures
604 1859 680 1933 dies
705 1859 862 1947 castris,
896 1857 1029 1956 palude
1055 1865 1095 1930 et
1119 1857 1191 1930 loci
1220 1838 1355 1930 natura
1385 1879 1453 1924 mn-

367 1972 473 2059 nitis,
500 1997 538 2045 se
566 1979 714 2066 tenere;
742 1997 861 2071 oeque
882 1973 1087 2072 obpugnari
1108 1977 1231 2046 castra
1250 1995 1377 2044 eorum
1394 1969 1453 2040 sine

368 2084 607 2162 dimicatione
647 2089 884 2187 perniciosa,
924 2113 992 2160 nec
1034 2088 1157 2160 locum
1203 2084 1453 2158 munitionibus

366 2197 514 2290 claudi,
542 2203 608 2276 nisi
637 2229 658 2275 a
687 2204 826 2276 maiore
853 2205 1047 2292 exercitu,
1084 2223 1213 2300 posse:
1253 2201 1392 2274 litteras
1420 2193 1454 2266 ad

364 2313 593 2390 Trebonium
622 2319 768 2408 mittit,
794 2323 862 2406 ot,
889 2341 1002 2414 qoam
1030 2316 1220 2389 celerrime
1248 2321 1391 2414 posset,
1414 2309 1454 2380 le·

363 2433 512 2531 gionem
539 2437 650 2523 Xlll,
674 2457 768 2532 quae
795 2459 882 2506 cum
909 2435 953 2506 T.
980 2435 1108 2506 Sextio
1134 2435 1278 2532 legato
1305 2434 1342 2504 in
1368 2433 1455 2502 Bitu-

362 2548 505 2639 rigibus
532 2547 748 2636 hiemabat,
775 2557 1004 2640 arcesseret,
1030 2557 1142 2647 atqoe
1169 2551 1222 2622 ita
1250 2569 1339 2619 cnm
1359 2545 1404 2616 lll
1421 2541 1457 2611 le·

365 2661 538 2760 gionibus
565 2687 677 2760 quam
707 2667 850 2762 magnis
877 2667 1072 2738 itineribus
1090 2665 1137 2740 ad
1156 2691 1194 2738 se
1213 2667 1379 2738 veniret:
1398 2663 1457 2757 ipse

364 2775 507 2867 equites
533 2776 571 2846 in
599 2779 719 2848 vicem
747 2779 952 2854 Remorum
992 2807 1035 2856 ac
1076 2781 1287 2878 Lingonum
1316 2777 1457 2873 reliqna-

363 2913 522 2988 rumque
549 2893 762 2986 civitatum,
792 2921 951 2996 quorum
971 2925 1147 2998 magnum
1168 2923 1366 2972 numerum
1384 2915 1457 2966 ero-

365 3013 543 3098 caverat,
568 3012 749 3108 praesidio
777 3015 1077 3112 pabulationibus
1095 3018 1233 3108 mittit,
1253 3019 1317 3118 qui
1336 3014 1458 3088 subitas

363 3123 530 3198 bostium
558 3127 787 3200 incursiones
814 3133 1053 3207 sustinerent.

420 3267 476 3320 12.
504 3245 614 3338 Quod
642 3273 758 3346 quom
778 3249 941 3346 qnotidie
961 3249 1090 3338 fieret,
1110 3275 1154 3324 ac
1173 3251 1247 3323 iam
1274 3249 1459 3322 consuetu-

362 3355 446 3431 dine
473 3361 662 3464 diligentia
689 3367 947 3453 minueretur,
973 3366 1072 3464 qood
1100 3367 1320 3466 plerumque
1339 3357 1459 3436 accidit

363 3477 632 3572 diuturnitate,
659 3483 874 3572 Bellovaci,
901 3484 1044 3560 delecta
1071 3509 1186 3558 manu
1203 3483 1388 3583 peditum,
1406 3499 1458 3548 co·

362 3598 475 3694 gnilis
494 3601 716 3672 stationibus
735 3583 959 3698 quotidianis
984 3604 1151 3698 equiturn
1172 3607 1400 3684 nostrorum,
1416 3589 1458 3662 sil·

361 3709 547 3782 restribus
566 3710 656 3786 locis
674 3714 824 3792 insidias
847 3715 1070 3816 disponunt;
1097 3715 1302 3812 eodemque
1331 3711 1456 3813 equites

390 3933 470 3988 duaci.
479 3933 522 3986 Cf.
536 3951 558 3986 e·
572 3949 594 3998 7.
603 3934 690 4006 Vulgo
700 3937 825 3992 dixeram.
838 3937 881 3990 M.
981 3957 1059 4010 quom
1147 3943 1168 3990 is
1180 3941 1236 3990 ἰείη.
1255 3935 1299 3989 Sic
1308 3927 1454 4058 qap-ebed·

357 4003 882 4138 „aarteltnbbabb
947 4025 988 4126 r·
1007 4007 1060 4126 st·
1079 4005 1110 4058 ¹¹¹
1131 4043 1138 4058 ·
1157 4007 1186 4060 1⁰
1203 4021 1290 4078 Μ·
1385 3997 1455 4066 “¹¹⁸⁰

357 4133 402 4186 olii
422 4131 521 4186 habeut
538 4137 690 4189 intoleranter.
734 4131 801 4190 Deo
827 4157 882 4192 um·
955 4093 1006 4146 mg

355 4201 423 4266 ptim
432 4207 561 4271 ‘quingenti
561 4221 615 4324 per
623 4203 729 4274 ellipsin
743 4217 781 4262 aa]
793 4224 881 4274 quam,
979 4209 1190 4278 pabulationibus.
1216 4205 1260 4260 ste
1276 4205 1351 4260 codd.
1368 4211 1394 4280 et
1405 4195 1454 4252 edd·

356 4275 388 4316 ut
406 4275 434 4328 t,
473 4287 494 4320 a.
513 4269 542 4320 (l.
583 4289 649 4338 ,99.
674 4273 731 4324 Al'r.
753 4289 774 4323 ι.
793 4283 820 4326 et
838 4271 878 4326 30.
946 4287 1010 4332 vett„
1029 4279 1213 4340 Scaligercum
1226 4272 1454 4328 Faernomalnra·

357 4333 441 4398 Volgo
455 4335 705 4410 legitorqm'ngentt's.
721 4332 880 4422 Eme‘rit
946 4345 1110 4395 dololoribus.
1136 4343 1188 4397 sed
1207 4342 1275 4394 bone
1294 4343 1405 4413 positor·
1419 4329 1454 4385 ΕΒ·

358 4399 479 4460 Clottuts
496 4419 510 4460 e
527 4402 605 4462 codd.
821 4444 830 4481 ;
850 4448 865 4481 -,
946 4419 1075 4468 structum
1092 4429 1140 4487 pro
1159 4419 1287 4466 concreto.
