3060 5276
406 381 487 444 ιιι.
523 382 565 441 ιι.
601 383 693 444 cnr.
731 275 906 478 dd-qr.
1111 367 1202 478 471

87 589 205 683 atque
224 585 281 658 bis
300 582 481 683 imperat,
514 593 558 660 ut
583 585 819 660 simulatione
847 585 996 660 timoris
1013 583 1212 685 paullatim

87 699 248 788 cedant,
276 723 320 770 ac
341 699 472 797 pedem
498 701 686 776 referant:
714 727 819 790 sese,
845 725 963 798 quum
983 724 1075 799 opus
1095 707 1211 786 esset,

87 813 238 912 siguum
265 813 392 912 proelii
421 814 599 888 daturum
625 823 693 907 et,
716 816 817 914 quod
843 840 923 890 rem
941 814 1130 914 postulare
1150 839 1214 888 co·

87 931 310 1029 gnavisset,
355 932 642 1030 imperaturum.
702 934 846 1018 Curio,
890 932 938 1005 ad
981 933 1212 1031 superiorem

87 1071 195 1144 spem
222 1047 348 1121 addita
375 1052 579 1148 praesentis
618 1051 799 1150 temporis
839 1049 1045 1150 opinione,
1086 1039 1213 1122 hostes

86 1162 218 1262 fugere
245 1163 479 1256 arbitratus,
523 1166 650 1264 copias
686 1189 732 1238 ex
759 1164 850 1240 locis
875 1163 1127 1264 superioribus
1167 1165 1208 1236 in

89 1303 270 1378 campum
297 1281 461 1354 deducit.

142 1413 205 1489 41.
240 1397 385 1488 Quibus
426 1421 472 1469 ex
503 1395 604 1470 locis'
637 1421 753 1495 quum
790 1396 939 1498 longius
982 1403 1077 1472 esset
1120 1420 1212 1496 pro-

86 1535 263 1611 gressus,
290 1511 470 1586 confecto·
489 1513 564 1585 iam
592 1512 719 1588 labore
747 1515 938 1603 exercitu,
963 1513 1124 1586 sedecim
1141 1513 1213 1584 mi·

86 1629 184 1704 lium
224 1631 345 1730 spatio
387 1631 574 1704 constitit.
626 1630 704 1702 Dat
738 1630 814 1702 suis
850 1631 999 1730 signum
1038 1629 1213 1720 Sabura,

88 1745 210 1816 aciem
238 1745 437 1818 constituit
463 1752 502 1818 et
528 1746 726 1829 circumire
754 1743 902 1818 ordines
928 1752 1041 1844 atque
1068 1743 1212 1817 hortari

88 1858 252 1957 incipit3
287 1858 350 1932 sed
389 1859 561 1958 peditatu
590 1859 777 1946 duntaxat
803 1857 933 1958 procul
972 1857 1019 1930 ad
1050 1855 1214 1954 speciem

88 1972 244 2062 utitur,
270 1975 413 2069 equites
438 1975 475 2047 in
495 1976 612 2046 aciem
632 1975 764 2048 mittit.
816 1975 902 2046 Non
929 1972 1032 2044 deest
1058 1969 1212 2070 negotio

89 2088 205 2161 Curio
237 2113 397 2186 suosque
428 2090 631 2177 hortatur,
668 2097 711 2162 ut
744 2114 847 2189 spem
882 2113 1034 2162 omnem
1063 2089 1103 2160 in
1137 2086 1212 2158 vir-

88 2207 174 2276 tute
201 2210 414 2302 reponant:
457 2231 503 2278 ne
535 2203 716 2278 militibus
743 2204 921 2302 quidem,
956 2209 1001 2278 ut
1035 2201 1212 2290 defessis,

88 2339 213 2412 neque
256 2318 475 2414 equitibus,
510 2327 554 2394 ut
591 2321 719 2421 paucis
758 2325 797 2392 et
833 2318 960 2390 labore
1002 2314 1211 2402 confectis,

89 2429 259 2504 studium
294 2431 341 2504 ad
382 2435 626 2532 pugnandum
653 2437 848 2533 virtusque
884 2431 1040 2506 deerat:
1080 2426 1146 2500 sed
1183 2425 1212 2498 ii

85 2556 196 2622 erant
231 2571 388 2622 numero
425 2551 610 2644 ducenti,
648 2551 781 2650 reliqui
807 2553 846 2624 in
873 2550 1004 2624 itinere
1031 2544 1210 2620 substite-

83 2672 185 2740 rant.
212 2668 259 2740 Hi
286 2691 563 2767 quamcumque
589 2671 628 2744 in
648 2675 795 2768 partem
821 2669 992 2766 inpetum
1015 2664 1210 2752 fecerant,

84 2786 215 2860 hostes
249 2783 334 2858 loeo
376 2785 507 2860 cedere
544 2787 758 2887 cogebant;
802 2785 867 2858 sed
903 2807 1023 2882 neque
1060 2781 1211 2883 longius

84 2901 277 3000 fugientes
289 2903 486 3000 prosequi,
512 2925 579 2976 nec
608 2903 869 2976 vehementius
891 2925 1007 3000 equos
1033 2899 1210 2991 incitare,

84 3025 272 3118 poterant.
323 3019 376 3090 At
402 3019 594 3116 equitatus
620 3019 785 3092 hostium
816 3019 864 3090 ab
897 3025 1060 3115 utroque
1090 3039 1211 3090 cornu

86 3134 284 3206 circumire
319 3133 439 3204 aciem
474 3139 642 3206 nostram
678 3139 718 3207 et
748 3156 900 3206 aversos
937 3140 1126 3228 proterere
1153 3131 1210 3204 in-

86 3251 194 3346 cipit.
259 3250 387 3341 Quum
426 3249 601 3322 cohortes
640 3273 688 3322 ex
729 3250 808 3322 acie
854 3245 1212 3346 procucurrissent,
1292 3341 1296 3350 ῃ

84 3365 272 3438 Numidae
298 3367 434 3465 integri
476 3364 669 3439 celeritate
700 3365 869 3463 inpetum
905 3367 1121 3434 nostrorum
1153 3359 1206 3434 ef·

84 3478 301 3577 fugiebant,
327 3501 529 3577 rursusque
559 3479 607 3553 ad
632 3479 778 3552 ordines
807 3503 894 3552 suos
920 3501 958 3550 se
985 3476 1211 3573 recipientes

86 3595 342 3670 circumibant
374 3601 413 3668 et
439 3597 487 3668 ab
514 3597 594 3670 acie
626 3595 889 3672 excludebant.
940 3595 1001 3668 Sic
1028 3617 1149 3691 neque
1167 3593 1208 3668 iu

86 3709 172 3783 loco
208 3734 358 3786 manere
386 3713 606 3810 ordinesque
633 3737 813 3802 servare,
839 3735 958 3810 neque
986 3731 1210 3810 procurrere

87 3835 129 3900 et
161 3851 289 3902 casum
321 3828 473 3918 subire,
504 3835 633 3902 tutum
670 3828 879 3902 videbatur.
932 3827 1108 3900 Hostium
1139 3849 1208 3898 co-

85 3949 189 4046 piae,
207 3946 396 4020 submissis
423 3947 469 4018 ab
497 3969 583 4044 rege
606 3945 770 4034 auxiliis,
800 3945 932 4018 crebro
951 3945 1210 4045 augebantur:

87 4069 236 4138 nostros
264 4065 361 4138 vires
387 4061 604 4138 lassitudine
630 4061 877 4145 deficiebant:
923 4057 1035 4134 simul
1065 4060 1118 4150 ii,
1144 4059 1211 4158 qui
1347 4079 1360 4098 ⁸

122 4313 246 4375 irruperat.
260 4316 288 4356 ut
298 4305 467 4357 sincaloriores.
483 4305 539 4357 Hoc
551 4304 614 4374 Regi
715 4319 873 4362 aversum
965 4335 972 4350 .
1026 4335 1033 4351 .

89 4374 169 4428 lubae
187 4373 283 4424 tribuit
298 4371 439 4425 Frontinus
457 4391 493 4434 2,
513 4377 535 4424 ⁵.
857 4372 861 4382 '

123 4441 164 4496 Hi
180 4458 277 4510 quarm
295 4439 351 4492 Alii
369 4441 428 4510 Qro'.
571 4496 575 4506 Ι
677 4479 681 4488 ,
712 4388 749 4488 llo
807 4383 1012 4488 sm's'mndrwr's·
1041 4453 1060 4488 u
1083 4403 1090 4416 ι
1145 4399 1152 4416 ⁰
