3060 5276
302 415 306 422 ·
372 375 465 496 4⁶0
697 383 700 390 '
737 409 792 468 un
828 409 962 468 ussto
998 403 1127 468 cuum

367 612 475 701 facile
501 613 742 686 eniterentur.
795 613 868 686 Sed
896 617 1192 712 praeoccupatus
1227 612 1374 684 animus
1415 609 1487 685 At·

367 729 556 799 tianorurn
585 727 748 801 militum
775 731 911 801 timore
938 733 977 800 et
1005 728 1094 828 fuga
1116 732 1155 799 et
1173 727 1286 798 caede
1312 749 1487 814 suorum,

366 843 457 916 nibil
484 845 528 916 de
556 845 759 918 resistendo
787 845 1006 945 cogitabat,
1041 867 1244 941 omnesque
1270 845 1346 916 iam
1375 868 1417 916 se
1445 846 1486 916 ab

365 963 534 1056 equitatu
562 962 825 1032 circumveniri
852 959 1143 1032 arbitrabantur.
1195 959 1327 1055 ltaque
1355 960 1487 1057 prius,

365 1103 480 1174 qnam
507 1075 625 1150 telum
654 1076 762 1152 adiici
791 1083 941 1176 posset,
982 1081 1050 1148 aut
1090 1075 1207 1147 nostri
1239 1077 1399 1172 propius
1426 1099 1486 1147 ac-

366 1195 568 1284 cederent,
602 1195 722 1267 omnis
763 1194 850 1266 Vari
879 1195 976 1265 acies
1002 1199 1110 1292 terga
1143 1195 1266 1265 vertit
1299 1217 1420 1290 seque
1454 1195 1487 1265 iu

279 1293 282 1306 ⁵
365 1316 489 1382 castra
517 1291 670 1408 recepit.
850 1363 853 1368 ·

416 1425 479 1496 35.
493 1427 575 1515 Qua
595 1425 632 1494 in
652 1423 738 1522 fuga
755 1422 892 1495 Fabius
919 1419 1093 1520 Pelignus
1123 1417 1302 1518 quidam,
1332 1443 1383 1492 ex
1405 1421 1483 1492 inti·

368 1541 440 1612 mis
466 1539 658 1618 ordinibus
684 1538 729 1611 de
756 1538 921 1611 exercitu
949 1537 1146 1628 Curionis,
1166 1537 1329 1635 primum
1353 1561 1487 1637 agmen

363 1653 587 1752 fugientium
615 1658 863 1736 consecutus,
892 1677 1027 1752 magna
1055 1675 1148 1724 voce
1165 1651 1314 1729 Varum
1334 1655 1485 1724 nomine

367 1769 556 1868 adpellem
571 1769 785 1878 requirebat
805 1797 813 1838 :
840 1777 895 1842 uti
927 1795 1024 1842 unus
1042 1793 1119 1842 esse
1141 1793 1188 1841 ex
1205 1771 1284 1842 eius
1301 1771 1483 1843 militibus

365 1887 404 1954 et
430 1905 582 1955 monere
610 1883 747 1980 aliquid
765 1881 858 1955 velle
876 1883 1056 1957 aedicere
1077 1883 1280 1956 videretur.
1308 1883 1386 1956 Ubi
1406 1883 1482 1974 ille,

362 1997 528 2096 saepius,
543 1997 747 2098 adpellatus
766 1997 935 2097 adspexit
952 2025 996 2072 ac
1014 1999 1153 2070 restitit
1167 2005 1227 2087 et,
1261 1997 1345 2094 quis
1359 2004 1478 2080 esset,

365 2117 432 2182 aut
459 2111 548 2208 qnid
575 2111 711 2203 vellet,
739 2115 948 2212 quaesivit3
983 2114 1181 2186 humerum
1209 2117 1386 2210 apertum
1414 2111 1479 2209 gla·

288 2279 292 2290 .
366 2223 597 2324 dioadpetit
624 2227 864 2326 paullumque
892 2227 1040 2318 abluit,
1073 2228 1162 2324 quin
1190 2227 1336 2298 Varum
1362 2226 1478 2299 iuter-

361 2341 515 2415 ficeret:
551 2343 651 2442 quod
686 2343 746 2418 ille
782 2342 1015 2444 periculum,
1054 2343 1204 2416 sublato
1230 2341 1278 2414 ad
1304 2343 1389 2414 eius
1417 2367 1478 2415 co-

359 2466 493 2532 natum
520 2469 656 2549 scuto,
683 2463 830 2534 vitavit.
856 2459 1015 2544 Fabius,
1043 2485 1063 2532 a
1092 2459 1270 2559 proximis
1296 2458 1477 2532 militibus

361 2573 669 2663 circumventus,
696 2575 931 2648 interficitur.
984 2575 1063 2646 Hac
1092 2573 1316 2673 fugientium
1345 2572 1477 2646 multi-

359 2689 491 2761 tudine
519 2715 563 2762 ac
591 2691 700 2762 turba
721 2696 852 2788 portae
874 2697 1086 2763 castrorum
1105 2694 1343 2788 occupantur
1361 2696 1477 2788 atque

359 2807 432 2877 iter
456 2806 674 2902 inpeditur;
717 2805 912 2905 pluresque
940 2809 976 2878 iu
1004 2831 1048 2878 eo
1075 2805 1160 2879 loco
1185 2809 1264 2879 sine
1292 2805 1477 2898 vulnere,

360 2947 475 3019 quam
492 2925 530 2996 in
548 2922 688 3023 proelio
707 2929 773 2996 aut
792 2922 907 3022 tuga,
933 2925 1151 3010 intereunt,
1170 2947 1290 3021 neque
1310 2924 1477 2999 multum

359 3042 505 3126 abfuit,
539 3044 771 3139 quinetiam
806 3041 937 3113 castris
964 3039 1264 3140 expellerentur:
1301 3069 1347 3115 ac
1385 3069 1477 3117 nou-

357 3153 448 3228 nulli
468 3157 635 3252 protinus
655 3155 784 3228 eodem
805 3179 917 3228 cursu
934 3157 971 3226 in
988 3154 1164 3253 oppidum
1184 3156 1476 3231 contenderunt.

357 3269 458 3358 Sed,
483 3293 598 3366 quum
618 3269 690 3343 loci
711 3277 844 3343 natura
864 3277 903 3344 et
922 3271 1080 3342 munitio
1098 3276 1308 3342 castrorum
1327 3270 1475 3343 aditum

356 3385 604 3481 prohibebat3
633 3393 714 3458 tum
743 3383 843 3483 quod
862 3384 908 3457 ad
927 3384 1110 3484 proelium
1137 3385 1273 3486 egressi
1298 3387 1476 3460 Curionis

350 3739 355 3786 ,Α
380 3725 581 3830 prasumat&
598 3718 723 3795 unimus..
740 3713 784 3768 Sic
800 3713 877 3796 codd.
977 3715 1111 3796 brunes-uns
1125 3731 1255 3786 apertum,
1273 3719 1324 3776 hoc
1342 3735 1396 3784 est,
1412 3727 1472 3780 dn.

353 3781 409 3832 An
430 3793 621 3849 praeoccupans
643 3799 735 3861 anemis
753 3809 787 3861 .‘'
807 3801 877 3853 cogr-
943 3791 1035 3844 trum,
1065 3804 1112 3856 qur
1141 3795 1212 3840 scuto
1243 3805 1300 3841 nou
1330 3791 1472 3860 tegebatur

354 3849 451 3899 tabant.
468 3847 510 3898 vel
525 3862 698 3914 praeooaspats
715 3853 812 3926 rsrsrnu'.¹
944 3852 1061 3904 Vossius.

296 3971 299 3976 ’
347 3915 499 4052 niisiiii
518 3914 876 4042 bltf'd'tlilliltf
976 3955 1105 4029 Hufiu·
1123 3957 1169 4014 sa
1182 3959 1258 4014 ..aa
1276 3963 1399 4033 audam-
1417 3969 1472 4022 Alfi

352 4059 420 4100 rarat.
455 4049 495 4100 ltu
523 4048 614 4101 Davis-
644 4051 711 4102 iufra
738 4051 774 4110 3,
803 4061 875 4118 494
942 4026 993 4086 ‘1⁰2
1012 4027 1077 4076 ilem
1093 4027 1128 4080 A·

352 4115 429 4196 codd.
448 4118 561 4196 reposuit
579 4119 658 4168 odore
677 4130 794 4168 terr-oea
813 4117 876 4168 mul·
974 4133 1072 4184 adnum
1094 4133 1251 4203 prohibebat,
1291 4137 1380 4192 uena,
1407 4139 1472 4193 velit

351 4195 386 4234 trs
402 4184 490 4234 cadas.
508 4201 546 4236 sse
563 4194 590 4235 et
608 4179 646 4245 3,·
665 4193 704 4238 ¹8.
724 4203 771 4254 pro
787 4187 875 4234 morbo
940 4201 1012 4250 adim
1026 4199 1204 4268 prohibebam,

351 4269 385 4298 er
394 4250 585 4330 j'rigora'muls
602 4251 678 4304 codd.
697 4251 807 4328 quidum
829 4253 874 4304 lra-

351 4314 417 4395 bcnt
434 4330 459 4366 et
467 4319 580 4397 ergoru.
710 4387 716 4398 1
739 4387 745 4398 .
854 4389 859 4398 Ι
974 4331 1028 4398 rum
1045 4319 1122 4389 quod.
1142 4320 1172 4372 ld
1189 4333 1254 4382 uam,
1274 4321 1344 4374 male
1366 4335 1428 4376 ants
1445 4337 1470 4375 es

352 4383 466 4504 dosctppgpc
483 4387 618 4436 vader-eurr.
663 4385 778 4440 Iunurus
796 4384 875 4451 malrt
939 4391 1200 4508 pppffitissuppsltum,
1214 4389 1265 4442 huc
1276 4391 1378 4446 ccodd.
1400 4403 1471 4446 trau·
