3068 5260
345 387 534 552 Constat
551 444 838 552 cornmedtarios
863 477 935 551 dici
962 501 1022 550 eas
1046 476 1300 568 narrationes,
1326 497 1448 574 quae,
1506 541 1507 568 ,

341 601 512 700 neglecto
538 575 748 676 hdventicio
775 603 903 693 cultu,
947 604 992 676 de
1027 603 1136 676 rebus
1163 605 1249 702 ipsis
1282 605 1446 676 tenuiter
1506 617 1507 662 ³

259 721 265 732 ’
341 741 559 831 exponunt,
596 740 660 822 ut,
704 734 768 832 qui
802 734 921 840 maius
955 743 994 806 ct
1026 736 1194 806 ornatius
1229 757 1321 832 opus
1354 734 1447 806 scri·

171 883 175 890 ’
255 901 266 919 r
340 859 426 934 bere
453 862 572 952 velit,
599 861 763 951 habeat,
789 861 887 934 unde
913 869 1029 960 petat.
1074 863 1177 959 (Cic.
1206 861 1372 935 decrat.
1403 887 1445 952 2,
1506 921 1507 928 ,

342 1011 399 1063 12.
437 995 476 1063 et
502 991 546 1062 de
572 989 662 1064 clar.
690 994 785 1062 orat.
814 973 896 1084 75.)
969 991 1098 1087 ltaque
1132 990 1276 1062 Hirtius
1302 990 1340 1060 in
1368 991 1446 1086 epi-

338 1115 459 1206 stola,
492 1116 589 1190 libro
629 1123 768 1190 octavo
811 1116 856 1189 de
895 1117 992 1190 bello
1034 1115 1177 1190 Gallico
1216 1118 1445 1217 praemissa,
1506 1113 1507 1124 ³

338 1245 527 1338 Caesaris,
554 1247 698 1342 inquit,
726 1251 970 1320 commentarii
993 1247 1080 1320 editi
1102 1261 1204 1330 sunt,
1232 1253 1444 1324 nescientia

335 1391 516 1450 tantorum
556 1402 675 1449 rerum
711 1375 943 1471 scrrptoribus
982 1377 1140 1468 deesset,
1189 1379 1238 1452 cf.
1278 1379 1356 1454 Cic.
1399 1381 1442 1454 ad

307 1509 420 1582 'Diu
446 1507 494 1598 5,
527 1524 569 1578 12
590 1562 601 1596 ,
625 1511 721 1578 extr.
781 1506 913 1586 Graeci
942 1513 1068 1578 autem
1095 1507 1306 1583 huiusmodi
1336 1538 1442 1586 rom-

331 1635 535 1706 menlarlos
560 1637 772 1722 ὑπομνήματα,
804 1634 1076 1720 ὃπομνπματισμοὺς
1103 1641 1141 1708 et
1164 1639 1441 1724 dnoummredpcrs

333 1765 507 1838 dixerunt
547 1767 613 1864 (ut
638 1766 773 1839 Strabo
803 1762 867 1837 lib.
894 1771 930 1852 4.
964 1789 1000 1862 p.
1024 1787 1118 1860 177,
1153 1764 1306 1856 δΚαῑσαρ
1330 1766 1360 1836 ἐν
1383 1769 1441 1846 τοῖς

330 1886 568 1986 ὑπομνήμασι),
596 1891 774 1990 quomm
799 1889 870 1964 hoc
896 1915 1029 1989 genere
1057 1888 1228 1964 narrandi
1263 1891 1325 1960 uni
1358 1913 1440 1959 nre·

329 2019 470 2090 moriae
488 2041 613 2091 rerum
630 2025 820 2118 gestarum
837 2015 1044 2091 consulitur
1071 2015 1289 2114 (Memoires
1303 2015 1332 2106 ).
1364 2016 1439 2087 Po-

328 2141 441 2214 tuisse
474 2143 540 2217 hos
572 2147 859 2218 commentarios
891 2145 963 2219 dici
990 2143 1191 2242 immolas,
1231 2148 1269 2218 et
1305 2165 1437 2215 revera

327 2275 477 2346 nomine
504 2276 576 2350 hoc
603 2301 624 2348 a
651 2271 852 2350 Plutarcho
890 2275 958 2374 (in
980 2275 1058 2349 vita
1080 2277 1185 2348 Caes.
1211 2273 1342 2368 απ)
1378 2277 1437 2346 in·
1506 2345 1507 2348 ,

328 2401 481 2499 signitos
506 2428 608 2494 csse,
634 2403 889 2479 indubitatum
919 2411 994 2478 est:
1026 2410 1157 2478 utrum
1184 2426 1275 2475 vero
1301 2403 1435 2477 Caesar

326 2527 493 2618 nullam,
531 2537 679 2630 praeter
704 2533 1015 2622 commentarios,
1055 2531 1249 2615 historiam
1282 2557 1435 2604 suarum

326 2681 454 2730 rerum
498 2661 716 2760 scripserit,
759 2685 807 2732 an
850 2667 889 2734 et
932 2662 1222 2737 commentarios
1260 2662 1354 2752 hos,
1396 2667 1434 2734 et

325 2783 577 2882 ephemerides
617 2787 664 2858 ab
702 2788 759 2860 lais
797 2789 1075 2862 commentariis
1119 2787 1307 2876 diversas,
1346 2811 1434 2860 con-

324 2907 549 3005 signaverit,
577 2911 783 2990 dubitatur.
838 2916 1087 2988 Posteriorem
1117 2911 1342 2986 sententiam
1367 2911 1433 2983 de*-

322 3037 440 3111 fendit
477 3039 643 3114 Rualdus
674 3043 721 3116 ad
751 3043 857 3117 illum
890 3017 1079 3117 Plutarchi
1111 3041 1238 3116 locum
1265 3041 1330 3138 (p.
1358 3041 1431 3114 858

321 3163 380 3235 ed.
398 3165 579 3264 mist),
605 3171 692 3266 quia
718 3173 853 3270 passim
881 3197 929 3245 ex
953 3167 1246 3268 ephemeridibus
1265 3165 1431 3239 Caesaris
1506 3171 1507 3176 ’

202 3311 209 3327 ’
318 3287 392 3363 1οοί
412 3317 433 3364 a
452 3265 896 3388 veteribusrecitantur,
921 3299 985 3397 qui
1002 3299 1040 3370 in
1058 3295 1335 3369 commentariis
1352 3295 1430 3367 eius

318 3416 522 3494 hodienum
540 3419 825 3522 superstitibuS,
851 3449 927 3498 non
946 3428 1162 3498 occurrunt.
1193 3419 1303 3514 Quod
1322 3445 1430 3518 argu-

318 3555 491 3622 mentum
519 3557 562 3626 ut
588 3559 644 3626 est
669 3555 937 3652 perspicuum,
969 3555 1024 3627 ita
1056 3549 1165 3624 multi
1205 3551 1428 3629 sententiam

315 3671 452 3747 Rualdi
479 3687 698 3776 sequuntur.
748 3680 941 3752 Fabricius
967 3703 1057 3753 vero
1083 3679 1121 3750 in
1147 3673 1242 3748 Bibl.
1269 3675 1350 3747 Lat.
1383 3699 1425 3762 1,

317 3818 362 3868 ιο
379 3853 389 3888 ,
418 3827 440 3872 2
468 3801 524 3875 his
551 3805 603 3878 ita
632 3807 823 3894 occurrit,
853 3812 897 3878 ut
914 3807 953 3878 in
967 3804 1134 3880 Caesaris
1151 3801 1253 3876 libris
1268 3799 1312 3872 de
1328 3789 1424 3870 bello

320 3927 461 4006 Gallico
488 3932 642 4007 lacunas
668 3959 745 4008 esse
771 3939 927 4008 statuat.
