3032 5266
353 389 432 448 uni.
468 391 495 452 1.
531 389 622 450 cnr.
660 355 835 477 48-51.
1081 360 1177 476 403

62 587 263 663 Provincia
290 591 623 694 comportabatur:
650 615 786 692 magna
812 591 920 690 copia
944 589 1075 691 pabuli
1090 591 1183 666 sub·

62 709 231 808 petebat.
255 707 400 780 Harum
427 731 553 780 rerum
580 709 750 780 ominum
776 705 974 781 facultates
1000 710 1076 782 sine
1104 709 1180 783 ullo
1232 711 1239 732 ‘

64 819 235 920 periculo
263 843 353 920 pons
380 819 520 895 ilerdae
540 820 741 920 praebebat
760 829 798 893 et
815 819 898 894 loca
916 829 1018 896 trans
1042 821 1182 897 flumen

63 938 241 1036 integra,
267 959 342 1033 quo
369 938 521 1010 omnino
547 936 682 1009 Caesar
709 933 810 1007 adire
844 959 917 1007 non
948 942 1108 1034 poterat.

118 1051 179 1122 50.
207 1051 285 1122 Hae
312 1058 595 1148 permanserunt
622 1072 740 1148 aquae
758 1047 835 1122 dies
853 1047 1074 1148 complures.
1102 1051 1179 1124 Co-

64 1171 180 1236 natus
207 1171 264 1239 est
288 1165 423 1238 Caesar
447 1163 599 1237 relicere
618 1169 769 1262 pontesr
795 1161 858 1236 sed
875 1149 944 1236 nec
962 1162 1182 1262 magnitudo

62 1277 233 1352 fluminis
260 1279 521 1396 pennittebat,
546 1301 665 1376 neque
692 1277 740 1352 ad
765 1277 884 1377 ripam
904 1277 1100 1376 dispositae
1119 1305 1183 1352 co·

69 1394 198 1466 hortes
224 1393 521 1466 adversariorum
548 1391 673 1490 perlici
701 1391 957 1489 patiebantur:
982 1391 1086 1488 quod
1110 1391 1182 1466 illis

62 1505 265 1604 prohibere
292 1515 373 1582 erat
399 1505 526 1597 facile,
552 1514 634 1582 tum
661 1509 774 1606 ipsius
793 1505 954 1579 fluminis
972 1511 1104 1580 namra
1122 1511 1180 1579 at·

64 1645 141 1719 que
168 1647 285 1722 aquae
311 1623 586 1724 magnitudine,
612 1633 694 1696 tum
723 1624 823 1722 quod
849 1649 894 1696 err
923 1625 1015 1698 totis
1035 1625 1122 1722 ripis
1140 1628 1181 1698 in

67 1759 189 1809 unum
208 1744 322 1836 atque
341 1745 540 1838 angustum
559 1737 685 1812 locum
705 1740 780 1812 tela
797 1741 1047 1831 iaciebantur;
1066 1744 1181 1835 atqrre

67 1858 154 1926 erat
178 1851 355 1946 difficile,
381 1855 513 1928 eodem
554 1861 723 1953 tempore
761 1854 994 1957 rapidissimo
1026 1852 1180 1928 llurrnne

68 1995 185 2072 opera
209 1971 385 2072 perlicere
410 1979 450 2046 et
476 1969 550 2046 tela
579 1973 712 2044 vitare.

122 2086 184 2158 51.
208 2087 420 2160 Nunciatur
445 2085 625 2175 Afranio,
664 2108 820 2186 magnos
853 2086 1082 2177 comitatus,
1114 2089 1180 2184 qui

67 2203 144 2276 iter
170 2203 357 2279 habebant
383 2204 431 2278 ad
456 2205 679 2291 Caesarem,
712 2200 759 2272 ad
795 2197 933 2274 llrrnren
960 2204 1181 2276 constitisse.

68 2321 262 2394 Venerunt
286 2345 331 2394 eo
357 2320 539 2420 sagittarii
566 2341 613 2392 ex
639 2317 816 2406 Rutenis,
831 2321 977 2416 equites
995 2341 1040 2392 cx
1058 2311 1183 2394 Gallia

68 2443 158 2507 cum
187 2433 314 2508 multis
340 2435 455 2508 carris
481 2433 697 2533 magnisque
722 2431 1002 2530 inpedimentis,
1029 2437 1074 2506 ut
1109 2435 1184 2508 ¹fert

67 2549 215 2624 Gallica
238 2550 485 2625 consuetudo.
511 2551 631 2622 Erant
657 2553 848 2647 praeterea
874 2552 1054 2648 cuiusque
1069 2573 1181 2651 gene·

70 2667 123 2740 ris
140 2666 334 2740 hominum
353 2665 454 2738 milia
473 2666 622 2739 circiter
639 2687 705 2736 sex
724 2685 813 2735 curn
829 2662 946 2736 servis
963 2662 1180 2762 liberisque:

69 2780 134 2854 sed
161 2780 284 2853 nullus
310 2781 422 2870 ordo,
450 2777 593 2850 nullum
620 2779 817 2876 imperium
854 2784 1032 2868 certum,
1059 2803 1182 2876 quum

68 2917 138 2966 suo
164 2896 320 2992 quisque
347 2891 500 2966 consilio
528 2898 697 2965 uteretur
722 2895 836 2990 atque
862 2915 991 2966 omncs
1016 2895 1094 2966 sine
1131 2896 1183 2968 ti-

67 3029 175 3080 more
202 3009 272 3080 iter
289 3007 456 3080 facerent
466 3053 477 3096 ,
493 3029 565 3078 usu
582 3005 814 3103 superiorum
832 3012 1047 3104 temporum
1067 3011 1182 3104 atque

63 3124 247 3197 itinerum
263 3121 423 3196 licentia.
442 3123 559 3194 Erant
577 3121 788 3219 complures
806 3123 951 3196 honesti
970 3123 1183 3197 adulescen-

64 3243 146 3324 tes,
186 3237 408 3310 Senatorum
449 3235 510 3310 filii
559 3241 599 3308 et
636 3235 775 3309 ordinis
808 3237 1025 3334 Equestrisr
1070 3245 1181 3314 erant

64 3349 524 3451 legationes‘civitatum3
563 3355 670 3422 erant
708 3351 839 3448 Legati
874 3351 1049 3424 Caesaris.
1100 3353 1179 3430 Hos

62 3487 196 3537 omnes
215 3461 369 3537 llumina
386 3465 639 3538 continebant.
657 3462 716 3537 Ad
733 3465 803 3536 hos
816 3463 1077 3562 obprimendos
1090 3488 1181 3540 cum

60 3577 167 3649 omni
186 3582 360 3676 equitatu
378 3579 570 3676 tribusque
587 3577 794 3679 legionibus
812 3577 986 3652 Afranius
1005 3575 1050 3653 de
1066 3585 1179 3653 nacte

97 3880 156 3930 toea
172 3881 289 3960 intepet,
307 3875 429 3929 noudum
444 3874 591 3930 vacuefacta
657 3893 680 3927 e.
706 3871 815 3926 boantis
835 3891 857 3926 s.
881 3874 1027 3954 secunus,
1049 3893 1102 3946 qua
1127 3879 1178 3931 iter

66 3943 297 4016 pabulsnondm.
317 3943 356 3996 dl.
434 3989 438 4000 ,
657 3943 772 3996 fecerant
799 3958 934 4012 superiore
958 3949 1075 4012 tempore
1099 3953 1177 3997 aute·

101 4027 166 4082 Hae
181 4045 260 4094 parm.
278 4023 333 4078 Alii
350 4025 417 4078 Eae.
657 4027 738 4080 quum
763 4005 798 4060 ad
822 4007 872 4060 hoc
900 4007 998 4060 flumen
1028 4009 1177 4090 inpeditum

33 4087 40 4100 l
92 4109 215 4176 flunrinis
239 4117 344 4155 nutura.
370 4103 434 4156 Erat
449 4103 537 4166 euim,
559 4110 591 4158 ut
657 4083 792 4154 ”mult
834 4073 883 4127 E‘t
907 4079 930 4128 ἲν
959 4079 998 4132 ⁶¹²3*
1023 4085 1096 4155 Myr
1126 4085 1177 4131 liti·

68 4175 190 4244 sequitur
206 4169 412 4242 rapidissimum.
429 4170 467 4222 M.
595 4181 599 4188 '
657 4151 685 4196 ‘l
699 4151 1178 4280 ffuflmustml‘uzffifgpasffireffi

100 4251 334 4332 ,munusque
349 4246 589 4303 stedi-²²²³&
656 4217 939 4330 iff‘ta‘ffifflt
959 4277 1019 4330 aar
1035 4273 1109 4343 aa.
1131 4276 1177 4331 a..

68 4328 133 4374 rett·
151 4319 208 4370 Alu
224 4318 378 4385 libertasque.
655 4341 730 4396 hm
752 4293 958 4416 vul'goqlegm?
966 4347 1015 4398 w..
1032 4343 1102 4400 Lm
1123 4345 1178 4398 ὼ.

102 4427 186 4482 suprr.
203 4423 279 4480 wnp.
296 4419 373 4478 atquc
389 4415 419 4462 it.
436 4409 553 4474 Mutia.
570 4409 589 4464 i.
648 4411 757 4465 *aimon
774 4419 822 4464 est.
