<?xml version="1.0" encoding="UTF-8"?>
<!DOCTYPE html PUBLIC "-//W3C//DTD XHTML 1.0 Transitional//EN"
    "http://www.w3.org/TR/xhtml1/DTD/xhtml1-transitional.dtd">
<html xmlns="http://www.w3.org/1999/xhtml" xml:lang="en" lang="en">
 <head>
  <title>
</title>
<meta http-equiv="Content-Type" content="text/html;charset=utf-8" />
  <meta name='ocr-system' content='tesseract 3.04.00' />
  <meta name='ocr-capabilities' content='ocr_page ocr_carea ocr_par ocr_line ocrx_word'/>
</head>
<body>
  <div class='ocr_page' id='page_1' title='image "./ciuliicaesarisc00cellgoog_0447.png"; bbox 0 0 3032 5266; ppageno 0'>
   <div class='ocr_carea' id='block_1_1' title="bbox 377 325 1160 505">
    <p class='ocr_par' dir='ltr' id='par_1_1' title="bbox 377 325 1160 505">
     <span class='ocr_line' id='line_1_1' title="bbox 377 325 1160 505; baseline -0.001 -28"><span class='ocrx_word' id='word_1_1' title='bbox 377 325 456 479; x_wconf 77' lang='lat' dir='ltr'>rio.</span> <span class='ocrx_word' id='word_1_2' title='bbox 490 415 517 478; x_wconf 88' lang='lat'>1.</span> <span class='ocrx_word' id='word_1_3' title='bbox 552 419 643 478; x_wconf 78' lang='lat' dir='ltr'>cre.</span> <span class='ocrx_word' id='word_1_4' title='bbox 681 385 857 505; x_wconf 54' lang='lat'><strong>45248.</strong></span> <span class='ocrx_word' id='word_1_5' title='bbox 1073 403 1160 502; x_wconf 78' lang='lat'>401</span> 
     </span>
    </p>
   </div>
   <div class='ocr_carea' id='block_1_2' title="bbox 58 610 1257 3704">
    <p class='ocr_par' dir='ltr' id='par_1_2' title="bbox 58 610 1172 925">
     <span class='ocr_line' id='line_1_2' title="bbox 58 610 1172 717; baseline 0 -29"><span class='ocrx_word' id='word_1_6' title='bbox 58 610 334 690; x_wconf 82' lang='lat' dir='ltr'>interficiuntur</span> <span class='ocrx_word' id='word_1_7' title='bbox 359 619 404 690; x_wconf 83' lang='lat' dir='ltr'>T.·</span> <span class='ocrx_word' id='word_1_8' title='bbox 433 616 613 708; x_wconf 90' lang='lat' dir='ltr'>Cecilius,</span> <span class='ocrx_word' id='word_1_9' title='bbox 651 619 760 717; x_wconf 88' lang='lat' dir='ltr'>primi</span> <span class='ocrx_word' id='word_1_10' title='bbox 803 615 866 716; x_wconf 90' lang='lat' dir='ltr'>pili</span> <span class='ocrx_word' id='word_1_11' title='bbox 901 614 1172 703; x_wconf 85' lang='lat' dir='ltr'>Centurio,·et</span> 
     </span>
     <span class='ocr_line' id='line_1_3' title="bbox 58 723 1169 834; baseline -0.001 -30"><span class='ocrx_word' id='word_1_12' title='bbox 58 741 204 830; x_wconf 86' lang='lat' dir='ltr'>praeter</span> <span class='ocrx_word' id='word_1_13' title='bbox 230 723 317 820; x_wconf 86' lang='lat' dir='ltr'>eum</span> <span class='ocrx_word' id='word_1_14' title='bbox 343 733 803 834; x_wconf 86' lang='lat' dir='ltr'>Centurionesquatuor,</span> <span class='ocrx_word' id='word_1_15' title='bbox 839 731 974 806; x_wconf 86' lang='lat' dir='ltr'><strong>milites</strong></span> <span class='ocrx_word' id='word_1_16' title='bbox 1008 731 1169 831; x_wconf 86' lang='lat' dir='ltr'>amplius</span> 
     </span>
     <span class='ocr_line' id='line_1_4' title="bbox 59 827 465 925; baseline 0.002 -3"><span class='ocrx_word' id='word_1_17' title='bbox 59 853 225 925; x_wconf 88' lang='lat' dir='ltr'>ducenti.</span> <span class='ocrx_word' id='word_1_18' title='bbox 455 827 465 856; x_wconf 48' lang='lat' dir='ltr'><em>s</em></span> 
     </span>
    </p>

    <p class='ocr_par' dir='ltr' id='par_1_3' title="bbox 58 961 1257 2551">
     <span class='ocr_line' id='line_1_5' title="bbox 106 961 1167 1063; baseline 0 -27"><span class='ocrx_word' id='word_1_19' title='bbox 106 981 170 1056; x_wconf 88' lang='lat'>47.</span> <span class='ocrx_word' id='word_1_20' title='bbox 197 962 269 1036; x_wconf 87' lang='lat' dir='ltr'>Sed</span> <span class='ocrx_word' id='word_1_21' title='bbox 296 963 390 1036; x_wconf 89' lang='lat' dir='ltr'>haec</span> <span class='ocrx_word' id='word_1_22' title='bbox 417 964 494 1036; x_wconf 91' lang='lat' dir='ltr'>eins</span> <span class='ocrx_word' id='word_1_23' title='bbox 520 962 590 1054; x_wconf 90' lang='lat' dir='ltr'>diei</span> <span class='ocrx_word' id='word_1_24' title='bbox 618 961 826 1063; x_wconf 84' lang='lat' dir='ltr'>praefertur</span> <span class='ocrx_word' id='word_1_25' title='bbox 860 963 1006 1060; x_wconf 89' lang='lat' dir='ltr'>opinio,</span> <span class='ocrx_word' id='word_1_26' title='bbox 1046 969 1089 1034; x_wconf 93' lang='lat' dir='ltr'>ut</span> <span class='ocrx_word' id='word_1_27' title='bbox 1128 987 1167 1036; x_wconf 88' lang='lat' dir='ltr'>se</span> 
     </span>
     <span class='ocr_line' id='line_1_6' title="bbox 58 1075 1169 1175; baseline -0.005 -25"><span class='ocrx_word' id='word_1_28' title='bbox 58 1082 209 1174; x_wconf 88' lang='lat' dir='ltr'>utrique</span> <span class='ocrx_word' id='word_1_29' title='bbox 226 1079 431 1175; x_wconf 80' lang='lat' dir='ltr'>superiores</span> <span class='ocrx_word' id='word_1_30' title='bbox 450 1077 653 1151; x_wconf 84' lang='lat' dir='ltr'>discessisse</span> <span class='ocrx_word' id='word_1_31' title='bbox 672 1080 945 1162; x_wconf 78' lang='lat' dir='ltr'>existimarent3</span> <span class='ocrx_word' id='word_1_32' title='bbox 963 1075 1169 1164; x_wconf 85' lang='lat' dir='ltr'>Afraniani,</span> 
     </span>
     <span class='ocr_line' id='line_1_7' title="bbox 61 1189 1257 1288; baseline -0.003 -26"><span class='ocrx_word' id='word_1_33' title='bbox 61 1191 186 1286; x_wconf 91' lang='lat' dir='ltr'>quod,</span> <span class='ocrx_word' id='word_1_34' title='bbox 212 1215 328 1288; x_wconf 90' lang='lat' dir='ltr'>quum</span> <span class='ocrx_word' id='word_1_35' title='bbox 369 1215 445 1262; x_wconf 90' lang='lat' dir='ltr'>esse</span> <span class='ocrx_word' id='word_1_36' title='bbox 481 1195 649 1265; x_wconf 90' lang='lat' dir='ltr'>omnium</span> <span class='ocrx_word' id='word_1_37' title='bbox 683 1191 820 1264; x_wconf 90' lang='lat' dir='ltr'>iudicio</span> <span class='ocrx_word' id='word_1_38' title='bbox 845 1190 1036 1262; x_wconf 84' lang='lat' dir='ltr'>inferiores</span> <span class='ocrx_word' id='word_1_39' title='bbox 1065 1189 1170 1258; x_wconf 86' lang='lat' dir='ltr'>vide-</span> <span class='ocrx_word' id='word_1_40' title='bbox 1253 1227 1257 1238; x_wconf 49' lang='grc' dir='ltr'><em>ι</em></span> 
     </span>
     <span class='ocr_line' id='line_1_8' title="bbox 60 1305 1168 1394; baseline -0.003 -20"><span class='ocrx_word' id='word_1_41' title='bbox 60 1309 213 1394; x_wconf 89' lang='lat' dir='ltr'>rentur,</span> <span class='ocrx_word' id='word_1_42' title='bbox 238 1305 448 1378; x_wconf 89' lang='lat' dir='ltr'>comminus</span> <span class='ocrx_word' id='word_1_43' title='bbox 473 1310 553 1378; x_wconf 89' lang='lat' dir='ltr'>tam</span> <span class='ocrx_word' id='word_1_44' title='bbox 580 1306 643 1379; x_wconf 92' lang='lat' dir='ltr'>diu</span> <span class='ocrx_word' id='word_1_45' title='bbox 669 1309 857 1380; x_wconf 74' lang='lat' dir='ltr'>stetissent</span> <span class='ocrx_word' id='word_1_46' title='bbox 889 1310 928 1377; x_wconf 92' lang='lat' dir='ltr'>et</span> <span class='ocrx_word' id='word_1_47' title='bbox 954 1309 1168 1375; x_wconf 89' lang='lat' dir='ltr'>nostrornm</span> 
     </span>
     <span class='ocr_line' id='line_1_9' title="bbox 63 1420 1170 1519; baseline 0 -27"><span class='ocrx_word' id='word_1_48' title='bbox 63 1421 232 1519; x_wconf 88' lang='lat' dir='ltr'>inpetum</span> <span class='ocrx_word' id='word_1_49' title='bbox 258 1420 518 1494; x_wconf 83' lang='lat' dir='ltr'>sustinuissent</span> <span class='ocrx_word' id='word_1_50' title='bbox 544 1428 582 1495; x_wconf 92' lang='lat' dir='ltr'>et</span> <span class='ocrx_word' id='word_1_51' title='bbox 607 1423 714 1496; x_wconf 90' lang='lat' dir='ltr'>initio</span> <span class='ocrx_word' id='word_1_52' title='bbox 732 1422 873 1496; x_wconf 74' lang='lat' dir='ltr'>vlocum</span> <span class='ocrx_word' id='word_1_53' title='bbox 908 1421 1170 1516; x_wconf 83' lang='lat' dir='ltr'>tumulumque</span> 
     </span>
     <span class='ocr_line' id='line_1_10' title="bbox 62 1537 1168 1639; baseline -0.004 -27"><span class='ocrx_word' id='word_1_54' title='bbox 62 1539 285 1628; x_wconf 86' lang='lat' dir='ltr'>tenuissent,</span> <span class='ocrx_word' id='word_1_55' title='bbox 312 1561 406 1634; x_wconf 89' lang='lat' dir='ltr'>qnae</span> <span class='ocrx_word' id='word_1_56' title='bbox 433 1561 562 1610; x_wconf 84' lang='lat' dir='ltr'>caussa</span> <span class='ocrx_word' id='word_1_57' title='bbox 588 1537 775 1639; x_wconf 74' lang='lat' dir='ltr'>pugnandi</span> <span class='ocrx_word' id='word_1_58' title='bbox 802 1537 949 1628; x_wconf 79' lang='lat' dir='ltr'>fuerat,</span> <span class='ocrx_word' id='word_1_59' title='bbox 966 1543 1005 1610; x_wconf 90' lang='lat' dir='ltr'>et</span> <span class='ocrx_word' id='word_1_60' title='bbox 1022 1542 1168 1610; x_wconf 86' lang='lat' dir='ltr'>nostros</span> 
     </span>
     <span class='ocr_line' id='line_1_11' title="bbox 62 1653 1170 1754; baseline -0.003 -25"><span class='ocrx_word' id='word_1_61' title='bbox 62 1657 183 1754; x_wconf 89' lang='lat' dir='ltr'>primo</span> <span class='ocrx_word' id='word_1_62' title='bbox 211 1677 410 1754; x_wconf 85' lang='lat' dir='ltr'>congressu</span> <span class='ocrx_word' id='word_1_63' title='bbox 420 1658 532 1751; x_wconf 81' lang='lat' dir='ltr'>terga</span> <span class='ocrx_word' id='word_1_64' title='bbox 551 1658 694 1728; x_wconf 86' lang='lat' dir='ltr'>vertere</span> <span class='ocrx_word' id='word_1_65' title='bbox 713 1653 937 1754; x_wconf 81' lang='lat' dir='ltr'>co&#39;e‘gissent:</span> <span class='ocrx_word' id='word_1_66' title='bbox 965 1656 1081 1729; x_wconf 81' lang='lat' dir='ltr'>nostri</span> <span class='ocrx_word' id='word_1_67' title='bbox 1100 1679 1170 1726; x_wconf 89' lang='lat' dir='ltr'>au-</span> 
     </span>
     <span class='ocr_line' id='line_1_12' title="bbox 62 1765 1170 1870; baseline -0.001 -30"><span class='ocrx_word' id='word_1_68' title='bbox 62 1775 167 1858; x_wconf 89' lang='lat' dir='ltr'>tem,</span> <span class='ocrx_word' id='word_1_69' title='bbox 194 1767 319 1865; x_wconf 90' lang='lat' dir='ltr'>qnod,</span> <span class='ocrx_word' id='word_1_70' title='bbox 343 1767 471 1865; x_wconf 91' lang='lat' dir='ltr'>iniquo</span> <span class='ocrx_word' id='word_1_71' title='bbox 497 1765 581 1840; x_wconf 93' lang='lat' dir='ltr'>loco</span> <span class='ocrx_word' id='word_1_72' title='bbox 608 1773 720 1867; x_wconf 87' lang='lat' dir='ltr'>atque</span> <span class='ocrx_word' id='word_1_73' title='bbox 746 1768 864 1867; x_wconf 86' lang='lat' dir='ltr'>inpari</span> <span class='ocrx_word' id='word_1_74' title='bbox 891 1769 1075 1870; x_wconf 81' lang='lat' dir='ltr'>congressi</span> <span class='ocrx_word' id='word_1_75' title='bbox 1105 1792 1170 1840; x_wconf 89' lang='lat' dir='ltr'>no-</span> 
     </span>
     <span class='ocr_line' id='line_1_13' title="bbox 62 1879 1171 1980; baseline 0 -28"><span class='ocrx_word' id='word_1_76' title='bbox 62 1905 196 1970; x_wconf 90' lang='lat' dir='ltr'>mero,</span> <span class='ocrx_word' id='word_1_77' title='bbox 221 1882 384 1980; x_wconf 91' lang='lat' dir='ltr'>quinque</span> <span class='ocrx_word' id='word_1_78' title='bbox 410 1879 510 1953; x_wconf 88' lang='lat' dir='ltr'>horis</span> <span class='ocrx_word' id='word_1_79' title='bbox 536 1879 716 1977; x_wconf 90' lang='lat' dir='ltr'>proelium</span> <span class='ocrx_word' id='word_1_80' title='bbox 752 1881 1034 1966; x_wconf 87' lang='lat' dir='ltr'>sustinuissent,</span> <span class='ocrx_word' id='word_1_81' title='bbox 1070 1879 1171 1978; x_wconf 84' lang='lat' dir='ltr'>quod</span> 
     </span>
     <span class='ocr_line' id='line_1_14' title="bbox 63 1993 1172 2093; baseline 0 -27"><span class='ocrx_word' id='word_1_82' title='bbox 63 1999 235 2068; x_wconf 89' lang='lat' dir='ltr'>montem</span> <span class='ocrx_word' id='word_1_83' title='bbox 255 1993 385 2093; x_wconf 80' lang='lat' dir='ltr'>gladiis</span> <span class='ocrx_word' id='word_1_84' title='bbox 403 1993 587 2066; x_wconf 86' lang='lat' dir='ltr'>destrictis</span> <span class='ocrx_word' id='word_1_85' title='bbox 605 1993 899 2085; x_wconf 87' lang='lat' dir='ltr'>adscendissent,</span> <span class='ocrx_word' id='word_1_86' title='bbox 913 1995 1010 2092; x_wconf 90' lang='lat' dir='ltr'>quod</span> <span class='ocrx_word' id='word_1_87' title='bbox 1029 2019 1076 2066; x_wconf 87' lang='lat' dir='ltr'>ex</span> <span class='ocrx_word' id='word_1_88' title='bbox 1088 1993 1172 2079; x_wconf 91' lang='lat' dir='ltr'>loco</span> 
     </span>
     <span class='ocr_line' id='line_1_15' title="bbox 63 2095 1173 2208; baseline 0 -28"><span class='ocrx_word' id='word_1_89' title='bbox 63 2095 251 2206; x_wconf 81' lang='lat' dir='ltr'>supeiiore</span> <span class='ocrx_word' id='word_1_90' title='bbox 277 2115 383 2208; x_wconf 82' lang='lat' dir='ltr'>terga</span> <span class='ocrx_word' id='word_1_91' title='bbox 409 2113 555 2180; x_wconf 89' lang='lat' dir='ltr'>vertere</span> <span class='ocrx_word' id='word_1_92' title='bbox 580 2108 811 2182; x_wconf 87' lang='lat' dir='ltr'>adversarios</span> <span class='ocrx_word' id='word_1_93' title='bbox 836 2110 1042 2206; x_wconf 69' lang='lat' dir='ltr'>coegissent</span> <span class='ocrx_word' id='word_1_94' title='bbox 1060 2113 1173 2204; x_wconf 86' lang='lat' dir='ltr'>atque</span> 
     </span>
     <span class='ocr_line' id='line_1_16' title="bbox 61 2222 1170 2322; baseline -0.005 -26"><span class='ocrx_word' id='word_1_95' title='bbox 61 2224 99 2296; x_wconf 94' lang='lat' dir='ltr'>in</span> <span class='ocrx_word' id='word_1_96' title='bbox 127 2223 305 2322; x_wconf 92' lang='lat' dir='ltr'>oppidum</span> <span class='ocrx_word' id='word_1_97' title='bbox 337 2222 613 2321; x_wconf 87' lang='lat' dir='ltr'>compulissent.</span> <span class='ocrx_word' id='word_1_98' title='bbox 640 2223 695 2296; x_wconf 91' lang='lat' dir='ltr'>llli</span> <span class='ocrx_word' id='word_1_99' title='bbox 721 2247 807 2296; x_wconf 91' lang='lat' dir='ltr'>eum</span> <span class='ocrx_word' id='word_1_100' title='bbox 847 2222 1062 2312; x_wconf 90' lang='lat' dir='ltr'>tumulum,</span> <span class='ocrx_word' id='word_1_101' title='bbox 1102 2246 1170 2320; x_wconf 86' lang='lat' dir='ltr'>pro</span> 
     </span>
     <span class='ocr_line' id='line_1_17' title="bbox 63 2336 1173 2438; baseline -0.003 -29"><span class='ocrx_word' id='word_1_102' title='bbox 63 2361 141 2434; x_wconf 91' lang='lat' dir='ltr'>quo</span> <span class='ocrx_word' id='word_1_103' title='bbox 159 2343 367 2438; x_wconf 87' lang='lat' dir='ltr'>pugnatum</span> <span class='ocrx_word' id='word_1_104' title='bbox 385 2343 462 2427; x_wconf 90' lang='lat' dir='ltr'>est,</span> <span class='ocrx_word' id='word_1_105' title='bbox 481 2339 625 2436; x_wconf 82' lang='lat' dir='ltr'>magnis</span> <span class='ocrx_word' id='word_1_106' title='bbox 643 2338 814 2438; x_wconf 89' lang='lat' dir='ltr'>operibus</span> <span class='ocrx_word' id='word_1_107' title='bbox 831 2336 1048 2410; x_wconf 90' lang='lat' dir='ltr'>munierunt</span> <span class='ocrx_word' id='word_1_108' title='bbox 1066 2357 1173 2433; x_wconf 86' lang='lat' dir='ltr'>prac-</span> 
     </span>
     <span class='ocr_line' id='line_1_18' title="bbox 64 2454 593 2551; baseline 0 -25"><span class='ocrx_word' id='word_1_109' title='bbox 64 2455 273 2550; x_wconf 91' lang='lat' dir='ltr'>sidiumque</span> <span class='ocrx_word' id='word_1_110' title='bbox 298 2454 349 2526; x_wconf 90' lang='lat' dir='ltr'>ibi</span> <span class='ocrx_word' id='word_1_111' title='bbox 377 2459 593 2551; x_wconf 88' lang='lat' dir='ltr'>posuerunt.</span> 
     </span>
    </p>

    <p class='ocr_par' dir='ltr' id='par_1_4' title="bbox 65 2567 1180 3704">
     <span class='ocr_line' id='line_1_19' title="bbox 94 2567 1175 2666; baseline -0.004 -22"><span class='ocrx_word' id='word_1_112' title='bbox 94 2579 97 2584; x_wconf 84' lang='lat'>&#39;</span> <span class='ocrx_word' id='word_1_113' title='bbox 113 2573 179 2664; x_wconf 84' lang='lat'>48.</span> <span class='ocrx_word' id='word_1_114' title='bbox 206 2569 355 2644; x_wconf 81' lang='lat' dir='ltr'>Accidit</span> <span class='ocrx_word' id='word_1_115' title='bbox 374 2571 486 2642; x_wconf 84' lang='lat' dir='ltr'>etiam</span> <span class='ocrx_word' id='word_1_116' title='bbox 504 2569 739 2666; x_wconf 87' lang='lat' dir='ltr'>repentinum</span> <span class='ocrx_word' id='word_1_117' title='bbox 752 2567 1032 2642; x_wconf 89' lang='lat' dir='ltr'>incommodum</span> <span class='ocrx_word' id='word_1_118' title='bbox 1046 2567 1175 2658; x_wconf 89' lang='lat' dir='ltr'>biduo,</span> 
     </span>
     <span class='ocr_line' id='line_1_20' title="bbox 67 2683 1173 2784; baseline -0.002 -26"><span class='ocrx_word' id='word_1_119' title='bbox 67 2708 145 2782; x_wconf 90' lang='lat' dir='ltr'>quo</span> <span class='ocrx_word' id='word_1_120' title='bbox 171 2683 262 2756; x_wconf 87' lang='lat' dir='ltr'>haec</span> <span class='ocrx_word' id='word_1_121' title='bbox 288 2688 393 2784; x_wconf 84' lang='lat' dir='ltr'>gesta</span> <span class='ocrx_word' id='word_1_122' title='bbox 419 2690 517 2756; x_wconf 86' lang='lat' dir='ltr'>sunt.</span> <span class='ocrx_word' id='word_1_123' title='bbox 543 2685 666 2756; x_wconf 89' lang='lat' dir='ltr'>Tanta</span> <span class='ocrx_word' id='word_1_124' title='bbox 692 2685 789 2756; x_wconf 90' lang='lat' dir='ltr'>enim</span> <span class='ocrx_word' id='word_1_125' title='bbox 816 2690 1016 2781; x_wconf 87' lang='lat' dir='ltr'>tempestas</span> <span class='ocrx_word' id='word_1_126' title='bbox 1050 2686 1173 2756; x_wconf 88' lang='lat' dir='ltr'>coori-</span> 
     </span>
     <span class='ocr_line' id='line_1_21' title="bbox 65 2796 1174 2894; baseline -0.004 -22"><span class='ocrx_word' id='word_1_127' title='bbox 65 2804 158 2886; x_wconf 87' lang='lat' dir='ltr'>tor,</span> <span class='ocrx_word' id='word_1_128' title='bbox 185 2803 247 2888; x_wconf 91' lang='lat' dir='ltr'>ut,</span> <span class='ocrx_word' id='word_1_129' title='bbox 273 2821 477 2894; x_wconf 83' lang='lat' dir='ltr'>numquam</span> <span class='ocrx_word' id='word_1_130' title='bbox 505 2796 574 2870; x_wconf 91' lang='lat' dir='ltr'>illis</span> <span class='ocrx_word' id='word_1_131' title='bbox 599 2796 690 2870; x_wconf 86' lang='lat' dir='ltr'>locis</span> <span class='ocrx_word' id='word_1_132' title='bbox 716 2799 874 2872; x_wconf 89' lang='lat' dir='ltr'>maiores</span> <span class='ocrx_word' id='word_1_133' title='bbox 901 2821 1015 2894; x_wconf 89' lang='lat' dir='ltr'>aquas</span> <span class='ocrx_word' id='word_1_134' title='bbox 1044 2796 1174 2884; x_wconf 86' lang='lat' dir='ltr'>fuisse,</span> 
     </span>
     <span class='ocr_line' id='line_1_22' title="bbox 67 2911 1175 2985; baseline -0.001 0"><span class='ocrx_word' id='word_1_135' title='bbox 67 2918 284 2985; x_wconf 84' lang='lat' dir='ltr'>constaret:</span> <span class='ocrx_word' id='word_1_136' title='bbox 310 2917 395 2984; x_wconf 90' lang='lat' dir='ltr'>tum</span> <span class='ocrx_word' id='word_1_137' title='bbox 421 2917 546 2984; x_wconf 86' lang='lat' dir='ltr'>autem</span> <span class='ocrx_word' id='word_1_138' title='bbox 574 2935 621 2984; x_wconf 88' lang='lat' dir='ltr'>ex</span> <span class='ocrx_word' id='word_1_139' title='bbox 647 2912 819 2984; x_wconf 87' lang='lat' dir='ltr'>omnibns</span> <span class='ocrx_word' id='word_1_140' title='bbox 851 2911 1041 2984; x_wconf 91' lang='lat' dir='ltr'>montibus</span> <span class='ocrx_word' id='word_1_141' title='bbox 1080 2911 1175 2984; x_wconf 87' lang='lat' dir='ltr'>nivis</span> 
     </span>
     <span class='ocr_line' id='line_1_23' title="bbox 67 3022 1178 3129; baseline -0.002 -29"><span class='ocrx_word' id='word_1_142' title='bbox 67 3027 211 3129; x_wconf 88' lang='lat' dir='ltr'>proluit</span> <span class='ocrx_word' id='word_1_143' title='bbox 236 3053 279 3100; x_wconf 90' lang='lat' dir='ltr'>ac</span> <span class='ocrx_word' id='word_1_144' title='bbox 307 3051 471 3100; x_wconf 86' lang='lat' dir='ltr'>summas</span> <span class='ocrx_word' id='word_1_145' title='bbox 496 3027 593 3124; x_wconf 87' lang='lat' dir='ltr'>ripas</span> <span class='ocrx_word' id='word_1_146' title='bbox 619 3022 780 3098; x_wconf 87' lang='lat' dir='ltr'>fluminis</span> <span class='ocrx_word' id='word_1_147' title='bbox 805 3027 1016 3124; x_wconf 88' lang='lat' dir='ltr'>superavit,</span> <span class='ocrx_word' id='word_1_148' title='bbox 1035 3027 1178 3124; x_wconf 88' lang='lat' dir='ltr'>pontis·</span> 
     </span>
     <span class='ocr_line' id='line_1_24' title="bbox 67 3127 1180 3240; baseline -0.003 -25"><span class='ocrx_word' id='word_1_149' title='bbox 67 3167 144 3240; x_wconf 93' lang='lat' dir='ltr'>que</span> <span class='ocrx_word' id='word_1_150' title='bbox 171 3127 309 3230; x_wconf 73' lang='lat' dir='ltr'>aimbo&#39;,</span> <span class='ocrx_word' id='word_1_151' title='bbox 335 3163 427 3238; x_wconf 90' lang='lat' dir='ltr'>qnos</span> <span class='ocrx_word' id='word_1_152' title='bbox 453 3139 494 3211; x_wconf 85' lang='lat' dir='ltr'>C.</span> <span class='ocrx_word' id='word_1_153' title='bbox 521 3140 655 3211; x_wconf 82' lang='lat' dir='ltr'>Fabius</span> <span class='ocrx_word' id='word_1_154' title='bbox 683 3139 845 3228; x_wconf 83' lang='lat' dir='ltr'>fecerat,</span> <span class='ocrx_word' id='word_1_155' title='bbox 870 3163 944 3212; x_wconf 90' lang='lat' dir='ltr'>uno</span> <span class='ocrx_word' id='word_1_156' title='bbox 978 3138 1036 3210; x_wconf 91' lang='lat' dir='ltr'>die</span> <span class='ocrx_word' id='word_1_157' title='bbox 1067 3141 1180 3212; x_wconf 85' lang='lat' dir='ltr'>inter·</span> 
     </span>
     <span class='ocr_line' id='line_1_25' title="bbox 65 3249 1178 3368; baseline -0.008 -34"><span class='ocrx_word' id='word_1_158' title='bbox 65 3261 184 3358; x_wconf 90' lang='lat' dir='ltr'>rupit.</span> <span class='ocrx_word' id='word_1_159' title='bbox 210 3261 316 3350; x_wconf 83' lang='lat' dir='ltr'>Quae</span> <span class='ocrx_word' id='word_1_160' title='bbox 341 3281 400 3329; x_wconf 89' lang='lat' dir='ltr'>res</span> <span class='ocrx_word' id='word_1_161' title='bbox 425 3279 578 3368; x_wconf 78' lang='lat' dir='ltr'>magnas</span> <span class='ocrx_word' id='word_1_162' title='bbox 605 3249 844 3326; x_wconf 89' lang='lat' dir='ltr'>difficultates</span> <span class='ocrx_word' id='word_1_163' title='bbox 871 3254 1050 3327; x_wconf 86' lang='lat' dir='ltr'>exercitui</span> <span class='ocrx_word' id='word_1_164' title='bbox 1083 3255 1178 3354; x_wconf 84' lang='lat' dir='ltr'>Cae-</span> 
     </span>
     <span class='ocr_line' id='line_1_26' title="bbox 67 3367 1180 3466; baseline -0.006 -20"><span class='ocrx_word' id='word_1_165' title='bbox 67 3373 163 3446; x_wconf 88' lang='lat' dir='ltr'>saris</span> <span class='ocrx_word' id='word_1_166' title='bbox 188 3370 336 3443; x_wconf 87' lang='lat' dir='ltr'>adtulit.</span> <span class='ocrx_word' id='word_1_167' title='bbox 363 3371 494 3442; x_wconf 89' lang='lat' dir='ltr'>Castra</span> <span class='ocrx_word' id='word_1_168' title='bbox 520 3370 647 3454; x_wconf 89' lang='lat' dir='ltr'>enim,</span> <span class='ocrx_word' id='word_1_169' title='bbox 674 3373 717 3440; x_wconf 86' lang='lat' dir='ltr'>ut</span> <span class='ocrx_word' id='word_1_170' title='bbox 743 3391 854 3466; x_wconf 90' lang='lat' dir='ltr'>supra</span> <span class='ocrx_word' id='word_1_171' title='bbox 880 3367 1180 3441; x_wconf 86' lang='lat' dir='ltr'>demonstratum</span> 
     </span>
     <span class='ocr_line' id='line_1_27' title="bbox 67 3479 1179 3584; baseline -0.006 -23"><span class='ocrx_word' id='word_1_172' title='bbox 67 3495 150 3574; x_wconf 89' lang='lat' dir='ltr'>est,</span> <span class='ocrx_word' id='word_1_173' title='bbox 187 3509 306 3584; x_wconf 91' lang='lat' dir='ltr'>quum</span> <span class='ocrx_word' id='word_1_174' title='bbox 344 3489 466 3556; x_wconf 87' lang='lat' dir='ltr'>essent</span> <span class='ocrx_word' id='word_1_175' title='bbox 504 3487 602 3554; x_wconf 91' lang='lat' dir='ltr'>inter</span> <span class='ocrx_word' id='word_1_176' title='bbox 634 3479 788 3554; x_wconf 86' lang='lat' dir='ltr'>flumina</span> <span class='ocrx_word' id='word_1_177' title='bbox 818 3481 912 3570; x_wconf 88' lang='lat' dir='ltr'>duo,</span> <span class='ocrx_word' id='word_1_178' title='bbox 946 3481 1104 3554; x_wconf 88' lang='lat' dir='ltr'>Sicorim</span> <span class='ocrx_word' id='word_1_179' title='bbox 1140 3487 1179 3554; x_wconf 88' lang='lat' dir='ltr'>et</span> 
     </span>
     <span class='ocr_line' id='line_1_28' title="bbox 67 3595 1180 3704; baseline -0.009 -29"><span class='ocrx_word' id='word_1_180' title='bbox 67 3603 256 3698; x_wconf 83' lang='lat' dir='ltr'>Cingam,</span> <span class='ocrx_word' id='word_1_181' title='bbox 282 3598 403 3698; x_wconf 90' lang='lat' dir='ltr'>spatio</span> <span class='ocrx_word' id='word_1_182' title='bbox 428 3595 574 3669; x_wconf 87' lang='lat' dir='ltr'>milium</span> <span class='ocrx_word' id='word_1_183' title='bbox 593 3596 717 3686; x_wconf 87' lang='lat' dir='ltr'>XXX,</span> <span class='ocrx_word' id='word_1_184' title='bbox 734 3597 907 3666; x_wconf 90' lang='lat' dir='ltr'>neutrum</span> <span class='ocrx_word' id='word_1_185' title='bbox 926 3595 1061 3665; x_wconf 90' lang='lat' dir='ltr'>horum</span> <span class='ocrx_word' id='word_1_186' title='bbox 1080 3601 1180 3704; x_wconf 65' lang='lat' dir='ltr'>tran</span> 
     </span>
    </p>
   </div>
   <div class='ocr_carea' id='block_1_3' title="bbox 70 3913 1191 4154">
    <p class='ocr_par' dir='ltr' id='par_1_5' title="bbox 70 3913 1191 4154">
     <span class='ocr_line' id='line_1_29' title="bbox 99 3913 1191 4068; baseline -0.006 -62"><span class='ocrx_word' id='word_1_187' title='bbox 99 3913 261 4024; x_wconf 65' lang='lat' dir='ltr'>praefertur.</span> <span class='ocrx_word' id='word_1_188' title='bbox 287 3949 330 4004; x_wconf 79' lang='lat' dir='ltr'>An</span> <span class='ocrx_word' id='word_1_189' title='bbox 354 3969 446 4003; x_wconf 85' lang='lat' dir='ltr'>seusus</span> <span class='ocrx_word' id='word_1_190' title='bbox 458 3983 465 4030; x_wconf 67' lang='lat'>3</span> <span class='ocrx_word' id='word_1_191' title='bbox 489 3952 596 4030; x_wconf 82' lang='lat' dir='ltr'>¹utrique</span> <span class='ocrx_word' id='word_1_192' title='bbox 662 3947 1191 4068; x_wconf 51' lang='lat' dir='ltr'>Vplponiaeprofluit.M.Xliinirprotatss</span> 
     </span>
     <span class='ocr_line' id='line_1_30' title="bbox 70 4014 1154 4096; baseline -0.006 -23"><span class='ocrx_word' id='word_1_193' title='bbox 70 4039 138 4094; x_wconf 85' lang='lat' dir='ltr'>prae</span> <span class='ocrx_word' id='word_1_194' title='bbox 155 4039 182 4074; x_wconf 79' lang='lat' dir='ltr'>sc</span> <span class='ocrx_word' id='word_1_195' title='bbox 200 4019 319 4075; x_wconf 79' lang='lat' dir='ltr'>serebant</span> <span class='ocrx_word' id='word_1_196' title='bbox 336 4019 403 4071; x_wconf 84' lang='lat' dir='ltr'>lrauc</span> <span class='ocrx_word' id='word_1_197' title='bbox 420 4014 597 4091; x_wconf 74' lang='lat' dir='ltr'>opinionem?</span> <span class='ocrx_word' id='word_1_198' title='bbox 663 4016 685 4067; x_wconf 83' lang='lat' dir='ltr'><strong>G</strong></span> <span class='ocrx_word' id='word_1_199' title='bbox 723 4053 730 4066; x_wconf 93' lang='lat'>.</span> <span class='ocrx_word' id='word_1_200' title='bbox 747 4017 823 4069; x_wconf 88' lang='lat' dir='ltr'>Voss.</span> <span class='ocrx_word' id='word_1_201' title='bbox 841 4021 906 4068; x_wconf 77' lang='lat' dir='ltr'>rsivis</span> <span class='ocrx_word' id='word_1_202' title='bbox 915 4015 1021 4096; x_wconf 66' lang='lat' dir='ltr'>proluat.</span> <span class='ocrx_word' id='word_1_203' title='bbox 1040 4014 1115 4066; x_wconf 79' lang='lat' dir='ltr'>bene.</span> <span class='ocrx_word' id='word_1_204' title='bbox 1149 4083 1154 4092; x_wconf 33' lang='grc' dir='ltr'>ι</span> 
     </span>
     <span class='ocr_line' id='line_1_31' title="bbox 72 4080 1184 4154; baseline -0.009 -12"><span class='ocrx_word' id='word_1_205' title='bbox 72 4090 116 4142; x_wconf 82' lang='grc' dir='ltr'>Μ.</span> <span class='ocrx_word' id='word_1_206' title='bbox 694 4089 830 4154; x_wconf 74' lang='lat' dir='ltr'>pontisque</span> <span class='ocrx_word' id='word_1_207' title='bbox 854 4085 935 4134; x_wconf 71' lang='lat' dir='ltr'>ando.</span> <span class='ocrx_word' id='word_1_208' title='bbox 963 4085 1005 4135; x_wconf 73' lang='lat' dir='ltr'>sn</span> <span class='ocrx_word' id='word_1_209' title='bbox 1028 4081 1086 4135; x_wconf 87' lang='lat' dir='ltr'>cod.</span> <span class='ocrx_word' id='word_1_210' title='bbox 1109 4080 1184 4136; x_wconf 81' lang='lat' dir='ltr'>Lcrd.</span> 
     </span>
    </p>
   </div>
   <div class='ocr_carea' id='block_1_4' title="bbox 106 4150 1013 4238">
    <p class='ocr_par' dir='ltr' id='par_1_6' title="bbox 106 4150 1013 4238">
     <span class='ocr_line' id='line_1_32' title="bbox 106 4150 1013 4238; baseline -0.034 -7"><span class='ocrx_word' id='word_1_211' title='bbox 106 4191 165 4230; x_wconf 79' lang='lat' dir='ltr'>tam</span> <span class='ocrx_word' id='word_1_212' title='bbox 185 4178 237 4228; x_wconf 83' lang='lat' dir='ltr'>din.</span> <span class='ocrx_word' id='word_1_213' title='bbox 258 4177 304 4231; x_wconf 74' lang='lat' dir='ltr'>Sic</span> <span class='ocrx_word' id='word_1_214' title='bbox 328 4177 404 4230; x_wconf 77' lang='lat' dir='ltr'>codd.</span> <span class='ocrx_word' id='word_1_215' title='bbox 426 4176 505 4238; x_wconf 60' lang='lat' dir='ltr'>honi,</span> <span class='ocrx_word' id='word_1_216' title='bbox 526 4175 597 4230; x_wconf 62' lang='lat' dir='ltr'><strong>bono</strong></span> <span class='ocrx_word' id='word_1_217' title='bbox 662 4150 748 4220; x_wconf 74' lang='lat' dir='ltr'>Vulgo</span> <span class='ocrx_word' id='word_1_218' title='bbox 762 4163 853 4220; x_wconf 68' lang='lat' dir='ltr'>pontes</span> <span class='ocrx_word' id='word_1_219' title='bbox 872 4167 902 4202; x_wconf 82' lang='lat' dir='ltr'>ua</span> <span class='ocrx_word' id='word_1_220' title='bbox 918 4151 1013 4200; x_wconf 79' lang='lat' dir='ltr'>onrhos.</span> 
     </span>
    </p>
   </div>
   <div class='ocr_carea' id='block_1_5' title="bbox 75 4214 1187 4347">
    <p class='ocr_par' dir='ltr' id='par_1_7' title="bbox 75 4214 1187 4347">
     <span class='ocr_line' id='line_1_33' title="bbox 75 4214 1187 4299; baseline -0.026 -5"><span class='ocrx_word' id='word_1_221' title='bbox 75 4263 168 4299; x_wconf 79' lang='lat' dir='ltr'>semu.</span> <span class='ocrx_word' id='word_1_222' title='bbox 185 4243 235 4297; x_wconf 84' lang='lat' dir='ltr'>Vul</span> <span class='ocrx_word' id='word_1_223' title='bbox 253 4265 268 4296; x_wconf 89' lang='lat'><strong>0</strong></span> <span class='ocrx_word' id='word_1_224' title='bbox 285 4258 370 4296; x_wconf 59' lang='lat' dir='ltr'>umen</span> <span class='ocrx_word' id='word_1_225' title='bbox 698 4231 726 4268; x_wconf 82' lang='lat' dir='ltr'>nt</span> <span class='ocrx_word' id='word_1_226' title='bbox 751 4235 827 4284; x_wconf 74' lang='lat' dir='ltr'>supra</span> <span class='ocrx_word' id='word_1_227' title='bbox 884 4227 1054 4268; x_wconf 63' lang='lat' dir='ltr'>arvennorum</span> <span class='ocrx_word' id='word_1_228' title='bbox 1075 4229 1121 4266; x_wconf 81' lang='lat' dir='ltr'>est.</span> <span class='ocrx_word' id='word_1_229' title='bbox 1138 4214 1187 4293; x_wconf 50' lang='lat' dir='ltr'>vij</span> 
     </span>
     <span class='ocr_line' id='line_1_34' title="bbox 236 4263 1187 4347; baseline -0.024 6"><span class='ocrx_word' id='word_1_230' title='bbox 236 4263 252 4314; x_wconf 52' lang='grc' dir='ltr'><strong><em>Β</em></strong></span> <span class='ocrx_word' id='word_1_231' title='bbox 371 4282 378 4296; x_wconf 64' lang='grc'><strong>’</strong></span> <span class='ocrx_word' id='word_1_232' title='bbox 666 4283 743 4338; x_wconf 85' lang='lat' dir='ltr'>detrrr</span> <span class='ocrx_word' id='word_1_233' title='bbox 765 4303 791 4336; x_wconf 88' lang='lat' dir='ltr'>re</span> <span class='ocrx_word' id='word_1_234' title='bbox 826 4285 891 4337; x_wconf 83' lang='lat' dir='ltr'>icere</span> <span class='ocrx_word' id='word_1_235' title='bbox 920 4301 942 4336; x_wconf 87' lang='lat' dir='ltr'>c.</span> <span class='ocrx_word' id='word_1_236' title='bbox 969 4292 1001 4347; x_wconf 84' lang='lat' dir='ltr'>l⁰</span> <span class='ocrx_word' id='word_1_237' title='bbox 1025 4290 1114 4346; x_wconf 59' lang='lat' dir='ltr'>etsi,</span> <span class='ocrx_word' id='word_1_238' title='bbox 1140 4281 1187 4334; x_wconf 84' lang='lat' dir='ltr'>nbr</span> 
     </span>
    </p>
   </div>
   <div class='ocr_carea' id='block_1_6' title="bbox 72 4303 1186 4494">
    <p class='ocr_par' dir='ltr' id='par_1_8' title="bbox 72 4303 1186 4494">
     <span class='ocr_line' id='line_1_35' title="bbox 111 4303 1186 4428; baseline -0.002 -26"><span class='ocrx_word' id='word_1_239' title='bbox 111 4353 182 4402; x_wconf 77' lang='lat' dir='ltr'>nives</span> <span class='ocrx_word' id='word_1_240' title='bbox 192 4347 292 4428; x_wconf 65' lang='lat' dir='ltr'>proluit</span> <span class='ocrx_word' id='word_1_241' title='bbox 304 4347 359 4402; x_wconf 83' lang='lat' dir='ltr'>scil.</span> <span class='ocrx_word' id='word_1_242' title='bbox 372 4359 521 4421; x_wconf 78' lang='lat' dir='ltr'>tempestas.</span> <span class='ocrx_word' id='word_1_243' title='bbox 532 4349 600 4420; x_wconf 76' lang='lat' dir='ltr'>Ergo</span> <span class='ocrx_word' id='word_1_244' title='bbox 666 4351 716 4404; x_wconf 88' lang='lat' dir='ltr'>hoc</span> <span class='ocrx_word' id='word_1_245' title='bbox 730 4351 781 4404; x_wconf 81' lang='lat' dir='ltr'>l&#39;ere</span> <span class='ocrx_word' id='word_1_246' title='bbox 792 4303 876 4413; x_wconf 62' lang='lat' dir='ltr'>iiiam</span> <span class='ocrx_word' id='word_1_247' title='bbox 894 4349 941 4404; x_wconf 83' lang='lat' dir='ltr'>sed</span> <span class='ocrx_word' id='word_1_248' title='bbox 951 4343 1069 4428; x_wconf 56' lang='lat' dir='ltr'>lris&#39;ipsis</span> <span class='ocrx_word' id='word_1_249' title='bbox 1082 4347 1186 4424; x_wconf 61' lang='lat' dir='ltr'>entus,</span> 
     </span>
     <span class='ocr_line' id='line_1_36' title="bbox 72 4416 1104 4494; baseline -0.003 -23"><span class='ocrx_word' id='word_1_250' title='bbox 72 4425 221 4492; x_wconf 65' lang='lat' dir='ltr'>tempestas</span> <span class='ocrx_word' id='word_1_251' title='bbox 234 4417 294 4468; x_wconf 80' lang='lat' dir='ltr'>sacrt</span> <span class='ocrx_word' id='word_1_252' title='bbox 301 4455 310 4479; x_wconf 91' lang='lat'>,</span> <span class='ocrx_word' id='word_1_253' title='bbox 320 4426 351 4468; x_wconf 83' lang='lat' dir='ltr'>ut</span> <span class='ocrx_word' id='word_1_254' title='bbox 361 4419 432 4470; x_wconf 84' lang='lat' dir='ltr'>nives</span> <span class='ocrx_word' id='word_1_255' title='bbox 441 4417 600 4472; x_wconf 81' lang='lat' dir='ltr'>diffluerent.</span> <span class='ocrx_word' id='word_1_256' title='bbox 667 4427 694 4470; x_wconf 89' lang='lat' dir='ltr'>ct</span> <span class='ocrx_word' id='word_1_257' title='bbox 710 4418 767 4494; x_wconf 21' lang='lat' dir='ltr'>hoc!</span> <span class='ocrx_word' id='word_1_258' title='bbox 776 4417 874 4489; x_wconf 78' lang='lat' dir='ltr'>plane,</span> <span class='ocrx_word' id='word_1_259' title='bbox 893 4435 948 4471; x_wconf 89' lang='lat' dir='ltr'>non</span> <span class='ocrx_word' id='word_1_260' title='bbox 965 4416 1043 4468; x_wconf 81' lang='lat' dir='ltr'>dunt.</span> <span class='ocrx_word' id='word_1_261' title='bbox 1061 4417 1104 4470; x_wconf 79' lang='lat' dir='ltr'>M.</span> 
     </span>
    </p>
   </div>
   <div class='ocr_carea' id='block_1_7' title="bbox 181 4517 1040 4593">
    <p class='ocr_par' dir='ltr' id='par_1_9' title="bbox 181 4517 1040 4593">
     <span class='ocr_line' id='line_1_37' title="bbox 181 4517 1040 4593; baseline -0.002 -2"><span class='ocrx_word' id='word_1_262' title='bbox 181 4517 336 4593; x_wconf 70' lang='lat' dir='ltr'>Cassan.</span> <span class='ocrx_word' id='word_1_263' title='bbox 362 4517 556 4592; x_wconf 74' lang='lat' dir='ltr'>Comment-</span> <span class='ocrx_word' id='word_1_264' title='bbox 588 4517 699 4590; x_wconf 91' lang='lat' dir='ltr'>Tom.</span> <span class='ocrx_word' id='word_1_265' title='bbox 726 4519 753 4590; x_wconf 80' lang='lat' dir='ltr'>l.</span> <span class='ocrx_word' id='word_1_266' title='bbox 938 4517 1040 4590; x_wconf 83' lang='lat' dir='ltr'>Eae</span> 
     </span>
    </p>
   </div>
   <div class='ocr_carea' id='block_1_8' title="bbox 0 0 1536 5266">
    <p class='ocr_par' dir='ltr' id='par_1_10' title="bbox 0 0 1536 5266">
     <span class='ocr_line' id='line_1_38' title="bbox 0 0 1536 5266; baseline 0 0"><span class='ocrx_word' id='word_1_267' title='bbox 0 0 1536 5266; x_wconf 95' lang='lat' dir='ltr'> </span> 
     </span>
    </p>
   </div>
  </div>
 </body>
</html>
