2986 5268
724 201 734 236 t

352 363 432 424 un.
467 363 537 422 vu.
575 363 667 426 can.
709 330 883 448 38-41.
1073 329 1168 454 af»,-

61 581 208 673 quatoor
225 571 510 668 equitatumque
525 591 673 640 ornnem
695 591 740 640 ex
755 571 886 641 castris
913 567 1068 644 educit:
1102 591 1171 641 nec
1259 630 1261 640 ,

60 689 123 761 fuit
138 688 297 787 spatium
313 685 377 760 tali
395 691 564 782 tempore
581 683 626 754 ad
642 683 895 758 contrahenda
910 690 1050 768 castra,
1070 681 1169 779 quod

63 828 114 876 res
140 803 259 902 posita
277 801 314 873 iu
334 797 526 872 celeritate
545 797 755 872 videbatur.
774 799 814 871 C.
834 799 989 870 Fabium
1005 795 1171 896 legatum

61 941 138 990 cum
163 913 372 1016 legionibus
392 915 426 986 ll
445 913 575 988 castris
602 915 783 1013 praesidio
805 913 994 1012 relinquit.
1024 911 1174 984 Fratres

62 1031 213 1105 Litavici
241 1053 358 1127 quum
386 1027 650 1128 comprehendi
690 1030 882 1118 iussisset,
921 1026 1045 1126 paullo
1087 1033 1173 1098 aute

62 1149 190 1247 reperit
216 1145 264 1219 ad
292 1147 416 1218 hostes
442 1145 661 1246 profugisse.
691 1143 923 1218 Adhortatus
938 1143 1075 1216 milites
1091 1134 1117 1233 ,'
1133 1169 1177 1218 ue

63 1269 248 1340 recessurae
275 1264 430 1362 thnpore
453 1267 593 1335 itineris
618 1261 735 1335 labore
750 1275 1043 1360 permoveantur,
1070 1265 1171 1360 cupi-

65 1381 211 1454 dissimis
237 1381 433 1468 omnibus,
466 1401 679 1478 progressus
707 1377 809 1450 milia
835 1401 1011 1478 passuum
1039 1381 1141 1450 XXV
1159 1435 1180 1468 ,‚

65 1521 188 1598 agmen
203 1497 420 1572 Aeduorum
435 1496 694 1592 conspicatus,
710 1495 863 1566 inmisso
891 1497 1083 1593 equitatu,
1101 1498 1174 1570 iter

67 1639 185 1689 eurum
214 1621 385 1689 moratur
411 1617 523 1708 atque
545 1609 686 1709 inpedit
704 1610 968 1708 interdicitque
983 1613 1174 1700 omnibus,

68 1753 107 1803 ne
132 1755 357 1828 quemquam
383 1725 622 1800 interficiant.
665 1725 946 1824 Eporedirigem
972 1735 1010 1800 et
1036 1723 1179 1801 Virdo-

70 1863 206 1918 marum
220 1903 232 1934 ,
246 1867 340 1942 quos
358 1841 408 1915 illi
424 1839 642 1914 interfectos
660 1840 944 1928 existimabant,
962 1841 1059 1913 inter
1078 1845 1180 1940 equi-

70 1962 120 2029 tes
147 1959 286 2032 versari
313 1979 472 2053 suosque
500 1953 684 2054 adpellare
709 1955 825 2026 iubet.
870 1955 915 2026 lis
943 1957 1102 2053 coguitis
1142 1967 1181 2032 et

71 2073 224 2148 Litavici
251 2071 381 2146 fraude
402 2077 617 2169 perspecta,
633 2068 751 2142 Aedui
772 2093 903 2140 manus
925 2067 1099 2160 tendere,
1120 2071 1181 2142 de-

71 2185 245 2263 ditionem
270 2188 477 2288 significare
505 2191 543 2258 et
576 2185 748 2282 proiectis
781 2186 893 2257 armis
925 2192 1086 2258 mortem
1114 2187 1181 2260 de-

71 2305 204 2398 precari
224 2302 420 2401 incipiunt.
438 2299 630 2372 Litavicus
649 2323 735 2371 curn
755 2299 830 2372 suis
850 2297 1071 2385 clientibus,
1099 2305 1181 2399 ᾳιιί-

70 2419 129 2492 hus
153 2446 252 2494 more
275 2420 459 2492 Gallorum
484 2415 587 2509 ruffus
614 2429 692 2504 est,
716 2421 824 2489 etium
849 2423 886 2488 ziz
913 2419 1178 2514 extrema-finer

14 2517 30 2538 l
67 2546 147 2604 tona
172 2534 333 2608 deserere
358 2545 553 2628 patronos,
580 2531 807 2629 Gergoviam
835 2529 1011 2631 profugit.

113 2647 325 2734 41.Caesar
351 2646 496 2718 nunciis
511 2645 559 2716 ad
579 2645 774 2719 civitatem
794 2645 1009 2719 Aeduorum
1034 2647 1195 2738 missis,

68 2760 124 2854 qui
149 2783 218 2834 suo
235 2759 416 2832 beneficio
435 2765 677 2834 conservatos
692 2759 869 2833 docerent
885 2785 977 2858 quos
997 2763 1075 2833 iure
1088 2761 1181 2834 belli

69 2876 268 2951 interficere
296 2879 494 2976 potuisset,
520 2876 713 2973 tribusque
741 2875 841 2950 horis
863 2879 983 2951 noetis
998 2879 1183 2952 exercitui

68 2989 107 3060 nd
126 2993 290 3088 quietem
310 2989 558 3078 datis,.castra
584 2989 627 3061 ad
650 2991 876 3092 Gergoviam
894 2994 1028 3066 movit.
1053 2991 1180 3065 Medio

68 3101 135 3176 fere
160 3107 292 3178 itinere
319 3105 488 3201 equites,
516 3104 563 3174 al)
590 3107 704 3178 Fabio
734 3107 857 3193 missi,
889 3113 1031 3202 quanto
1060 3131 1116 3178 res
1143 3107 1181 3177 in

67 3217 225 3311 periculo
244 3218 380 3304 fuerit,
409 3226 623 3315 exponunt;
651 3223 806 3292 summis
824 3222 942 3319 copiis
964 3227 1086 3294 castra
1112 3219 1183 3291 ob-

68 3342 226 3434 pugnata
252 3335 536 3418 demoustrant3
563 3359 679 3433 quum
708 3337 840 3408 crebro
866 3337 1001 3436 integri
1031 3336 1181 3409 defessis

67 3453 304 3526 succederent
332 3460 553 3549 nostrosque
580 3451 734 3524 adsiduo
761 3449 888 3525 labore
916 3453 1178 3552 defatigarent,

67 3569 195 3664 quibus
229 3575 382 3669 propter
420 3568 715 3666 magnitudinem
755 3575 965 3643 castrorum
997 3578 1179 3668 perpetuo

69 3694 158 3762 esset
183 3687 322 3760 eisdem
348 3687 385 3758 in
405 3684 502 3756 vallo
522 3684 840 3783 permanendum
866 3687 1108 3760 multitudine
1124 3711 1180 3760 sa-

67 3804 243 3900 gittarum
269 3810 381 3899 atque
400 3802 500 3874 omui
528 3824 662 3898 genere
689 3802 850 3876 telorum
879 3805 1018 3876 multos
1050 3803 1179 3877 vulne-

95 4011 179 4074 porita
196 4011 224 4058 in
239 4007 285 4057 orl.
299 4007 348 4057 vid.
365 4003 476 4072 Vulgo
466 4022 493 4054 m
510 4003 585 4052 celer.
653 4021 731 4058 cesse.
751 4003 869 4074 Intellige
885 4007 973 4076 sirorit
999 4015 1074 4068 tum,
1100 4025 1182 4078 quun

68 4089 118 4139 por.
135 4093 189 4126 esre
206 4073 256 4126 vid.
270 4073 391 4124 camur
402 4071 469 4122 Oud.
482 4069 585 4122 eendrl.
653 4091 702 4144 equ
696 4076 755 4126 uites
772 4075 882 4127 dimissi.

70 4136 537 4281 ,εἶπᾞέηᾞξῗξῐιᾞξῖ
542 4154 585 4256 ἓὲ
688 4173 793 4229 eisdem,
816 4165 955 4220 militibus.
989 4165 1057 4236 Ergo
1074 4183 1130 4218 nou
1146 4163 1184 4216 lo·

69 4273 180 4328 Probent
239 4293 295 4328 me
312 4283 340 4326 u
356 4273 429 4326 osu
432 4271 526 4340 resq..
654 4237 766 4306 ganan.
785 4207 879 4289 ledem-
975 4329 980 4340 Ι

99 4347 154 4394 inr
139 4341 287 4412 wiardus
280 4345 355 4392 wau.
374 4339 421 4394 Cla
426 4289 528 4391 iliuspr
512 4357 570 4408 prae
558 4361 588 4389 c·
689 4337 757 4384 omui
770 4347 862 4396 genere
880 4331 924 4380 tel.
952 4325 997 4382 Sle
1013 4326 1089 4384 codd.
1108 4325 1183 4378 hena.

71 4406 192 4462 fertesset
204 4430 217 4464 e
229 4401 286 4463 co'd
299 4408 395 4480 Regio,
418 4407 530 4460 udnon
543 4423 587 4459 os-
655 4403 711 4456 Alii
728 4406 809 4454 ourru's
824 4401 933 4471 gazaris.
