3040 5264
344 412 424 473 us.
460 411 518 472 ιιι.
553 412 646 472 oar.
681 379 857 474 25-28.

1085 389 1172 512 10'9

62 611 274 700 consuevit,
299 611 421 685 acrius
438 611 645 712 inpugnare
662 617 884 710 coeperunt.
903 611 1042 684 Hostes
1068 611 1179 684 undi-

63 751 131 822 que
157 727 438 817 circumuenti,
463 725 666 825 desperatis
692 727 868 799 omnibus
899 724 1034 815 rebus,
1056 749 1094 796 se
1113 747 1181 824 per

62 843 287 916 munitiones
314 841 471 915 deiicere
498 847 537 914 et
555 842 643 940 fuga
669 842 982 942 salutempetere
1008 842 1180 916 intende-

62 967 161 1034 runt.
182 964 286 1056 Quos
300 960 490 1058 equitatus
505 959 744 1058 apertissimis
760 961 900 1056 carnpis
918 966 1179 1044 consectatus,

64 1101 107 1149 ex
126 1077 270 1150 milium
290 1075 560 1175 quinquaginta
587 1094 764 1164 numero,
791 1099 887 1174 quaa
907 1099 955 1148 ex
976 1075 1185 1174 Aquitania

64 1191 330 1291 Cantabrisque
353 1192 567 1266 convenisse
591 1193 809 1284 constabat,
839 1193 904 1265 vix
923 1200 1057 1293 quarta
1075 1201 1185 1296 parte

64 1307 213 1398 relicta,
228 1305 347 1382 inulta
365 1312 475 1381 nocte
502 1331 540 1378 se
569 1307 606 1380 in
633 1313 757 1382 castra
782 1308 934 1406 recepit.

115 1445 177 1513 27.
203 1423 285 1494 Hac
299 1419 427 1493 audita
447 1445 592 1521 pogna,
608 1445 742 1522 magna
761 1445 847 1522 pars
860 1421 1086 1519 Aquitaniae
1105 1447 1185 1498 sese

66 1540 195 1612 Crasso
222 1537 363 1612 dedidit
381 1537 598 1636 obsidesque
619 1538 718 1612 ultro
737 1541 852 1614 misit:
870 1563 946 1638 quo
964 1541 1003 1612 in
1024 1564 1185 1613 numero

67 1653 216 1727 fuerunt
230 1651 408 1742 Tarbelli,
427 1655 678 1755 Bigerriones,
695 1656 887 1744 Preciani,
907 1652 1093 1745 Vocates,
1113 1659 1188 1728 Ta·

68 1776 229 1859 rusates,
254 1768 441 1854 Elusates,
461 1770 628 1859 Garites,
648 1771 781 1861 Ausci,
801 1771 1003 1862 Garumni,
1023 1775 1187 1848 Sibuza-

68 1894 146 1977 tes,
171 1889 382 1964 Cocosates.
407 1887 554 1960 Paucae
581 1885 735 1960 ultimae
763 1889 955 1973 nationes,
972 1891 1059 1963 anni
1087 1897 1189 1965 tem-

69 2026 154 2100 pore
183 1999 369 2098 confisae,
402 1999 502 2106 quod
529 2001 648 2074 hiems
674 2001 847 2096 suberat,
873 2004 946 2078 boc
973 2003 1097 2082 facere
1124 2031 1189 2082 ne·

69 2115 275 2218 glexerunt.
963 2145 964 2148 ’

116 2233 181 2307 ab.
199 2232 341 2308 Eodem
356 2231 432 2306 iere
449 2237 618 2331 tempore
636 2233 799 2324 Caesar,
824 2234 892 2306 etsi
913 2256 1028 2334 prope
1054 2238 1190 2305 exacta

70 2346 141 2422 iam
169 2355 289 2422 aestas
317 2353 420 2439 erat,
445 2354 597 2438 tamen,
621 2347 722 2446 quod
749 2349 850 2420 omni
880 2346 1001 2420 Gallia
1035 2353 1190 2447 pacata,

73 2465 207 2542 Morini
233 2466 470 2566 Menapiique
496 2471 742 2564 supererant,
768 2467 831 2564 qui
858 2466 897 2538 in
924 2467 1038 2539 armis
1066 2473 1190 2541 essent

74 2605 190 2679 neque
218 2581 378 2656 adeum
405 2605 573 2679 unquam
609 2582 752 2683 legatos
785 2582 831 2657 de
857 2609 947 2684 pace
975 2585 1191 2676 misissent,

75 2697 307 2786 arbitratus,
338 2698 375 2770 id
414 2697 553 2772 bellurn
595 2697 766 2771 celeriter
808 2697 954 2771 coniici-
979 2722 1114 2798 posse,
1144 2723 1190 2772 eo

75 2815 281 2888 exercitum
310 2813 492 2884 adduxit:
527 2812 591 2910 qui
618 2812 728 2912 longe
754 2811 827 2886 alia
846 2813 1027 2903 ratione,
1063 2837 1108 2886 ac
1135 2837 1192 2886 re·
1299 2805 1302 2812 ’

74 2925 163 3023 liqui
192 2927 317 3016 Galli,
352 2925 493 3002 bellum
519 2951 629 3026 agere
654 2929 913 3001 instituerunt.
964 2927 1062 2999 Nam
1090 2925 1193 3023 qued

74 3041 358 3144 intellegebant,
384 3043 568 3116 maximas
594 3044 782 3133 nationes,
809 3066 903 3140 quae
931 3040 1073 3140 proelio
1098 3065 1193 3112 con-

75 3159 300 3250 tendissent,
326 3159 449 3258 pulsas
467 3165 734 3258 superatasque
751 3159 1192 3256 essefceutinentesque

77 3272 188 3347 silvas
224 3299 268 3347 ac
300 3272 453 3373 paludes
487 3273 701 3363 habebant,
738 3297 782 3346 eo
817 3297 856 3347 se
890 3297 1031 3370 suaque
1067 3273 1195 3346 omnia

77 3377 328 3482 contulerunt.
385 3391 445 3474 Ad,
479 3415 638 3492 quarum
673 3393 825 3478 initium
849 3390 1041 3490 silvarum
1074 3415 1196 3490 quum

107 3641 281 3696 amanam.
309 3641 355 3698 Sic
380 3640 458 3694 codd.
487 3649 514 3693 et
539 3639 600 3694 edd.

76 3717 137 3762 vett.
218 3729 234 3762 o
250 3711 440 3771 mntenderunt.
460 3707 495 3762 V.
519 3711 604 3762 'l'acit

76 3777 400 3842 a.11,'2.u.2‚12,

109 3843 170 3896 Has
200 3846 290 3898 audita
321 3861 417 3915 pugna.
452 3843 519 3900 Eam
550 3843 606 3906 Diq

77 3907 181 3964 Cassius
200 3911 251 3982 39,
270 3913 300 3976 46
319 3911 465 3982 descripsit.
481 3895 520 3962 ii.

114 3979 232 4036 Tor-belli
248 3989 298 4034 etc.
316 3977 428 4038 Plurimi
446 3978 540 4032 borum
580 4000 605 4032 o·

80 4045 202 4116 polorum
221 4055 248 4100 et
264 4047 371 4100 aliunde
389 4057 451 4100 sunt
468 4051 526 4100 noti
542 4000 605 4100 Pla-

79 4116 174 4173 cianns,
184 4113 361 4173 diversimode
368 4117 481 4186 scriptos
490 4135 517 4168 ιιι
527 4115 602 4168 codd.

79 4197 154 4234 acmo
168 4183 255 4242 novit.
268 4183 372 4234 Gariter
386 4183 411 4232 in
426 4201 493 4236 corn.
517 4185 605 4244 Gaura

78 4251 179 4316 quaerit
197 4251 321 4310 Sanson,
348 4247 531 4330 adstipulante
555 4251 606 4303 Va·

79 4311 150 4368 lesio.
163 4317 298 4376 Ciburatas
314 4335 373 4370 cum
389 4315 472 4368 Plinii
489 4317 605 4388 Sybrita,

79 4383 139 4434 α’ὸιιι
151 4401 208 4435 esse
221 4384 338 4446 cosdem,
352 4394 429 4455 negat
444 4385 477 4436 D'
488 4384 603 4438 Anrrlle.

79 4447 197 4515 Valesius
210 4451 238 4504 in
250 4451 376 4516 Sobesos,
394 4455 447 4506 sito
465 4453 535 4517 inter
545 4453 605 4506 Dax

667 3651 695 3696 et
727 3641 872 3712 bayonne,
905 3659 1004 3694 nomen
1034 3641 1196 3693 staurarium

669 3729 698 3762 su
720 3728 802 3762 cresse
819 3717 905 3782 putet.

701 3729 796 3831 letam
813 3793 901 3847 agere.
918 3777 959 3830 Ex
976 3767 1117 3830 observate.
1129 3775 1197 3828 Gro-

669 3863 731 3897 uor.
750 3861 785 3904 2,
803 3848 839 3907 3,
876 3863 922 3897 uns
945 3843 1072 3897 cellarius
1093 3853 1121 3895 et
1144 3843 1197 3900 Da·

670 3913 753 3964 visius
766 3911 818 3962 iam
830 3863 1023 3970 indicemini,
1038 3911 1093 3964 duo
1109 3927 1197 3962 exem-

670 3978 713 4052 pla
731 3979 810 4037 huius
835 3979 959 4052 phraseos
981 3979 1033 4032 huc
1054 3975 1197 4038 transtuli,

670 4068 684 4100 e
709 4047 784 4099 Curt.
811 4057 846 4112 4,
873 4064 911 4098 ιο.
935 4055 962 4100 et
978 4047 1108 4126 Pompon.
1126 4044 1197 4098 Mela

673 4133 706 4175 r,
740 4119 778 4166 16.
803 4113 929 4176 Cellarius
957 4113 1062 4168 addidit
1090 4111 1196 4165 Cornel.

670 4179 788 4237 Hanuib.
804 4199 863 4253 cap.
882 4187 906 4236 8.
924 4182 991 4252 Ergo
1008 4179 1118 4236 alteram
1135 4179 1161 4231 lr.
1178 4179 1196 4230 l.

669 4249 827 4311 lectionem,
844 4249 936 4301 bellam
950 4267 1040 4321 gerere
1046 4259 1199 4317 coeperunt,

671 4317 964 4446 i⁰i⁵anrindiletff⁵⁵e
983 4317 1199 4454 iutqrprgaprpnl:

683 4404 795 4436 uma.
869 4402 1013 4447 emto.
1047 4401 1067 4444 ι·
1108 4401 1198 4442 uror,

674 4469 724 4517 10,
744 4473 767 4508 l·
