3026 5264
1152 271 1170 300 Ρ

371 295 451 356 nn.
486 294 572 356 vin.
608 295 699 357 aaa
738 260 912 382 52—54.
1114 271 1205 361 305

83 495 223 568 o'onlra
248 491 370 592 legem
396 493 563 594 Pompeii
590 503 629 570 et
655 495 777 569 Crassi
803 495 986 571 retulerat
1005 505 1092 572 ante
1111 505 1211 576 tem»-

84 633 159 710 pus
186 607 231 680 ad
260 611 441 682 Senatum
469 610 513 682 de
539 611 706 684 Caesaris
732 614 957 710 provinciis,
993 619 1207 688 sententiis-

84 748 161 821 que
188 721 312 808 dictis,
344 723 604 798 discessionem
631 725 790 799 faciente
817 725 1019 814 Marcello,
1046 729 1109 824 qui
1134 730 1207 803 sibi

85 863 240 914 amnem
267 841 488 942 dignitatem
514 863 560 914 ex
594 843 760 920 Caesaris
794 843 934 916 invidia
969 847 1211 941 quaerebat,

83 961 251 1030 Senatus
278 958 449 1057 frequens
476 961 514 1032 in
540 958 612 1030 alia
639 963 764 1033 omnia
782 962 942 1036 transiit.
969 964 1114 1056 Quibus
1133 990 1207 1038 non

82 1073 358 1176 frangebantur
384 1076 498 1150 animi
524 1077 762 1150 inimicorum
790 1077 976 1168 Caesaris,
995 1079 1058 1152 sed
1078 1081 1207 1154 adma-

84 1191 302 1283 nebantur,
331 1216 405 1290 quo
433 1191 590 1263 maiores
609 1198 784 1290 pararent
803 1193 1113 1284 necessitudines,
1128 1197 1209 1292 qni·

83 1307 157 1380 bus
184 1309 268 1406 cogi
295 1315 420 1408 posset
444 1309 605 1381 Senatus
631 1308 669 1381 id
695 1310 875 1408 probare,
897 1309 997 1407 quod
1023 1311 1092 1410 ipsi
1112 1337 1206 1388 con-

82 1420 307 1496 stituisrent.

138 1535 199 1624 54.
226 1539 288 1609 Pit
314 1535 445 1610 deinde
463 1537 500 1612 S.
517 1535 560 1610 C.
583 1542 628 1608 ut
645 1535 692 1609 ad
713 1533 852 1608 bellam
870 1536 1088 1610 Parthicum
1108 1536 1206 1640 legio

84 1673 163 1722 una
190 1673 211 1724 a
237 1653 305 1724 Cn.
332 1653 532 1750 Pompeio,
559 1651 676 1724 altera
702 1677 724 1723 a
750 1651 792 1724 C.
819 1652 974 1724 Caesare
1007 1654 1205 1724 mitteren*

72 1774 171 1842 'turs
201 1791 319 1868 neque
345 1769 504 1842 obscure
530 1769 600 1842 hae
627 1767 721 1842 duaa
760 1765 923 1869 legiones
958 1769 1021 1842 uni
1055 1769 1202 1843 Caesari

83 1881 351 1956 detrahuntur.
377 1885 475 1956 Nam
502 1883 572 1955 Cn.
598 1881 796 1982 Pompeius
822 1881 1007 1983 legionem
1027 1883 1203 1982 primam,

83 2015 203 2098 quam
232 2001 278 2072 ad
304 2001 499 2094 Caesarem
527 2001 709 2089 miserat,
731 1998 943 2072 confectam
962 2025 1026 2088 ¹eu
1066 1999 1205 2074 dilectu

83 2117 302 2216 provinciae
328 2115 521 2204 Caesaris,
547 2137 629 2186 eam
656 2121 853 2211 tamqnam
879 2135 926 2188 ex
952 2139 1019 2190 suo
1047 2141 1206 2194 numero
1243 2141 1249 2156 ·

86 2229 202 2302 dedit.
229 2230 364 2302 Caesar
390 2235 541 2313 tamen,
578 2253 695 2326 quum
730 2227 774 2300 de
801 2228 996 2304 voluntate
1028 2231 1205 2306 adversa·

85 2345 230 2416 riorum
253 2367 405 2416 suorum
433 2367 471 2415 se
499 2341 696 2441 exspoliari
724 2343 862 2416 nemini
890 2343 1045 2418 dubium
1081 2349 1206 2436 esset,

84 2457 155 2529 Cn.
183 2454 358 2556 Pompeio
386 2455 569 2557 legionem
596 2457 762 2546 remisit,
787 2461 826 2531 et
852 2475 919 2530 suo
946 2447 1095 2530 nomine
1123 2460 1208 2550 XV,

84 2593 199 2672 qnam
227 2576 265 2646 in
293 2573 411 2647 Gallia
440 2572 611 2646 citeriore
639 2571 847 2663 habuerat,
885 2597 931 2646 ex
968 2576 1005 2647 S.
1032 2576 1074 2648 C.
1100 2575 1206 2650 iubet
1251 2573 1253 2577 ’

83 2691 237 2765 transdi.
266 2694 308 2764 ln
336 2692 414 2764 eius
439 2689 565 2762 locum
584 2686 675 2760 Xlll
693 2685 876 2789 legionem
897 2691 935 2762 in
954 2689 1101 2764 ltaliam
1120 2691 1206 2766 mit·

85 2807 154 2895 tit,
181 2830 277 2903 quae
303 2803 495 2904 praesidia
510 2807 686 2894 tueatur,
705 2805 904 2904 exquibus
928 2806 1118 2905 praesidiis
1136 2809 1205 2882 XV

118 3013 209 3054 anatra·
227 3003 273 3053 lv.
292 2997 359 3054 Pom
378 3008 422 3054 ‚et
439 2998 542 3062 Crassi,
560 3013 611 3071 qua
679 3005 685 3008 ’
706 3019 786 3071 qaam
803 3001 840 3052 ad
857 3001 996 3054 Caesarem
1012 3007 1127 3056 miserat.
1145 3003 1199 3056 vid.

84 3067 191 3122 Caesari
204 3023 289 3124 Gallia
300 3013 449 3122 inaffcrnui
461 3071 611 3140 quinquen·
676 3066 747 3122 dicta
765 3067 798 3121 ad
815 3063 845 3130 b,
867 3085 887 3118 r.
907 3067 943 3118 M.

84 3140 161 3188 nium
176 3135 277 3190 ‹lecreta
294 3147 356 3218 erat.
373 3139 489 3256 Appiam
501 3135 528 3188 B.
541 3137 572 3188 C.
585 3153 611 3196 2,

84 3203 610 3326 traamtranant-1³⁴·

119 3351 180 3416 aare
196 3309 300 3420 tempus.
325 3289 456 3420 Nlllnlunb
469 3337 611 3390 cfllaaerat

84 3423 313 3544 *bttttlitt
329 3404 611 3544 ‘silatttrll

84 3539 204 3594 Galliam
221 3541 397 3610 Cisalpinam,
416 3541 521 3610 lllyrico
541 3539 611 3592 adia-

83 3617 143 3668 cto,
159 3627 220 3661 mox
238 3611 318 3662 etiam
337 3609 483 3660 Comatam.
501 3609 610 3662 Suetou.

727 3141 854 3186 ravtnciae
868 3132 1002 3196 Caesaris,
1014 3155 1071 3188 eam
1079 3165 1112 3176 -
1120 3135 1204 3206 Vulgo

676 3199 728 3255 ulra
751 3199 921 3256 distinctione
944 3210 972 3253 et
994 3203 1120 3264 lectione,
1142 3222 1205 3272 pro·

677 3275 785 3331 viratas,
798 3271 908 3321 Caesari
918 3287 974 3320 eam
982 3299 1014 3308 -
1027 3270 1099 3340 quod
1111 3279 1202 3323 contra

677 3335 815 3389 historiam
840 3345 887 3388 ast.
919 3337 1039 3388 Caesaris
1069 3339 1097 3389 in
1124 3338 1201 3390 codd.

678 3400 795 3462 duobus,
814 3412 841 3454 at
858 3423 912 3454 uuo
931 3403 1039 3473 quidem
1057 3403 1144 3463 bono,
1164 3419 1203 3456 re-

678 3471 748 3542 perit
764 3469 985 3540 Oudendorpiu53
999 3471 1202 3524 distinctionem

678 3547 817 3589 mutarunt
829 3540 881 3590 iem
893 3539 974 3590 multi
987 3539 1151 3609 interpretes.
1164 3539 1202 3597 M,

678 3613 712 3662 Ti
729 3623 784 3656 eam
806 3623 853 3676 por
875 3605 1059 3676 pleonasmum
1081 3607 1205 3659 additum

83 3673 140 3729 lul.
158 3695 198 3728 22.
217 3675 254 3726 Μ.

122 3743 321 3794 necessitadr'ner.
340 3741 401 3794 Vid.
414 3741 517 3796 Gellius
532 3745 575 3804 13,
585 3741 610 3794 3.

85 3809 133 3861 ubi
152 3811 183 3862 dc
200 3809 349 3862 discrimine
367 3815 438 3862 inter
454 3811 613 3862 necessitudi-

85 3895 132 3928 nes
150 3887 177 3928 et
194 3883 359 3928 maassitatcs.

122 3946 168 3996 Fa
185 3945 262 4023 830.
291 3947 408 4015 Appian.
428 3961 492 4028 ling!
506 3948 562 4008 446.
580 3945 610 3996 C.

85 4013 335 4131 raram·
356 4014 612 4132 adaram

85 4147 248 4226 Imperatore
265 4145 471 4266 Eerebatnrrllio
483 4146 553 4223 Cass.
567 4159 610 4211 40,

85 4231 136 4280 29,
159 4213 205 4292 uba
230 4215 263 4266 Fa
284 4232 361 4267 ricius
383 4215 516 4286 Ciceronis
540 4212 611 4268 locor

87 4281 292 4402 collrlllllalllbr.
309 4347 367 4400 Alii
383 4352 533 4402 mitteretur.

678 3671 791 3725 videtur.

711 3741 780 3790 deda
805 3737 898 3792 Bibulo
920 3737 955 3791 ad
976 3737 1075 3794 bellurn
1097 3739 1203 3794 Parthi·

679 3825 746 3860 cunu
762 3802 800 3857 M.
1037 3803 1041 3816 '

713 3892 817 3926 suoram
834 3893 860 3925 se
877 3875 1026 3942 exspoliari.
1045 3870 1112 3925 Haec
1124 3872 1203 3926 verba

678 3951 745 4013 puto
763 3961 818 3994 csse
837 3942 967 3994 tollenda:
985 3951 1066 4001 certe,
1110 3944 1135 3991 ui
1161 3959 1204 3992 va·

679 4013 730 4062 rias
750 4011 822 4062 lectt.
838 4009 1013 4070 consuluerit,
1033 3960 1163 4076 intediget
1174 4026 1204 4059 oa

678 4078 760 4130 dubia
778 4095 847 4128 asse:
868 4087 946 4147 atquc
969 4074 1078 4128 verbnm
1101 4094 1205 4126 serarum

679 4148 799 4216 profacto
818 4161 872 4194 non
890 4154 930 4196 cst
947 4143 981 4195 ah
999 4144 1093 4194 Hirtio.
1112 4144 1150 4193 M.

713 4226 737 4262 er
755 4229 801 4262 sno
818 4215 927 4261 naariae.
951 4209 1035 4278 Vulgo
1040 4248 1048 4272 ,
1066 4223 1091 4260 et
1108 4227 1141 4260 er
1158 4229 1204 4261 sao

679 4297 798 4397 nnmerp,
808 4297 883 4348 ,quaa
901 4286 940 4331 est
957 4296 1027 4330 utera
1039 4279 1205 4348 ,iuterpreta-

679 4348 728 4400 ΠΟ.
747 4348 784 4398 fl·
