3068 5260
421 437 426 443 ,
456 367 535 428 uc.
570 367 783 429 orantum.
1131 365 1179 423 rx
1232 340 1235 352 “

59 567 116 659 de
150 563 410 686 Germaniae
451 565 736 674 animalibus,
778 585 899 658 recte
942 563 1173 658 iudicasse

57 709 231 791 Morum
257 731 447 807 censeo,
476 700 567 792 «de
594 700 664 790 his
691 698 826 790 rebus
847 697 1172 789 moderandum

57 867 159 924 esse
192 837 252 924 ita
284 833 527 941 iudicium,
555 862 611 926 ne
647 855 846 958 tempora
876 833 1171 941 misceantur,

58 1003 114 1058 ne
146 969 218 1060 vel
244 977 432 1062 Tacrrus
465 969 536 1061 vel
563 975 762 1076 Cassan,
800 967 838 1058 si
870 969 1053 1092 quando
1080 969 1172 1060 dis-

56 1107 275 1212 sentiant,
322 1103 564 1195 necessarii
605 1105 766 1194 erroris
806 1123 1073 1226 arguantur,
1111 1137 1169 1194 ne

54 1241 249 1331 romanis
274 1237 465 1330 vocibus
492 1265 705 1362 expressa
729 1259 965 1364 propterea
999 1239 1056 1330 ad
1094 1271 1167 1330 ro-

54 1403 211 1462 manos
243 1401 388 1462 mores
419 1392 715 1478 revocentur,
739 1371 822 1462 sed
848 1393 898 1461 ut
924 1372 1066 1496 ipsius
1088 1403 1165 1460 na·

56 1504 190 1594 tionis
222 1502 470 1594 domestica
500 1503 724 1594 sentiendi
761 1503 1014 1626 agendique
1053 1535 1162 1595 con-

55 1636 251 1727 suetudo
270 1637 326 1726 ab
347 1636 432 1726 illis
453 1637 685 1728 vocabulis
705 1639 869 1728 exteris
889 1660 1166 1746 secernatur,

55 1802 110 1858 ne
143 1769 573 1862 nimiumtribuatur
599 1769 901 1894 etymologiae
930 1768 1169 1860 verborum

56 1899 377 1992 obsoletornm.
398 1940 419 1992 »
462 1901 599 2016 Quod
631 1902 688 1992 ad
728 1901 802 1992 illa
832 1899 932 1992 loca
964 1902 1170 2021 adtinet,

55 2032 222 2154 quibus
262 2055 512 2126 structurae
558 2035 791 2159 pontium,
832 2035 1170 2148 machinarum,

56 2170 329 2292 aliarumque
349 2202 517 2279 rerum,
537 2171 641 2260 item
669 2171 775 2260 artis
802 2169 945 2294 ipsius
966 2173 1168 2270 militaris

56 2301 103 2394 lrt
142 2307 340 2412 mentio,
383 2303 438 2394 ad
484 2335 567 2396 eos
607 2325 816 2396 auctores
854 2325 976 2394 recte
1008 2314 1165 2401 Morus

57 2415 248 2526 lectores
280 2435 556 2559 ablegandos
589 2437 758 2543 suasit,
791 2435 870 2558 qui
903 2436 959 2526 de
1000 2439 1162 2530 talibus

56 2603 109 2660 ex
142 2573 351 2695 professo
385 2593 439 2681 et
461 2572 562 2662 data
596 2603 732 2696 opera
766 2591 1031 2702 tractarunt,
1059 2607 1170 2696 quo⁴

56 2737 150 2795 rum
183 2707 360 2832 aliquos
390 2739 496 2798 mox
528 2705 841 2798 iudicabimus.
1240 2818 1244 2824 Ι

110 2845 179 2928 De
215 2841 326 2963 ipsis
367 2841 570 2932 Caesaris
617 2840 948 2944 commentariis
990 2839 1167 2958 diversa

56 2969 291 3064 doctorum
335 2975 530 3064 virorum
574 2973 741 3065 iudicia
786 2973 891 3064 inde
936 3007 961 3066 a
1000 2980 1167 3068 renatis

56 3101 185 3194 bonis
217 3103 387 3196 litteris
417 3135 519 3197 esse
564 3103 680 3214 lata,
721 3126 880 3198 notum
926 3127 995 3200 est
1036 3111 1173 3226 satis,

55 3269 201 3360 neque
233 3238 336 3332 heic
368 3239 612 3364 repetenda
638 3270 741 3330 esse
768 3240 945 3364 iudico,
973 3275 1090 3365 quae
1124 3244 1169 3336 in

57 3393 286 3496 utramque
318 3395 488 3498 partem
520 3395 626 3463 sunt
666 3373 909 3498 disputatass'
949 3381 1163 3470 Veterum

58 3505 350 3612 testimoniis,
380 3510 634 3612 thsttontS,
662 3512 920 3616 Santonum,
949 3515 1164 3618 Svrroru,

58 3637 227 3729 Arrnru
260 3636 539 3761 aliorumque
571 3638 797 3730 vindicata
822 3662 929 3730 sunt
960 3643 1070 3732 satis
1096 3674 1168 3734 su·

58 3795 222 3889 perque
263 3771 429 3895 scripta
469 3801 553 3864 sua
584 3777 783 3862 Romano
814 3767 957 3880 Ducit,
990 3792 1040 3862 ut
1073 3805 1165 3863 nou

60 3901 264 3994 audiendi
296 3900 559 4014 videantur,
586 3907 665 4030 qui
691 3927 847 3998 contra
874 3937 1070 3998 sensere.
1101 3915 1167 4000 De

60 4037 162 4125 Luo.
184 4038 433 4147 Clnmorrs,
453 4048 660 4132 chuanor
682 4048 853 4132 Sumtus
882 4040 1164 4166 aliorumque

62 4166 202 4262 dubiis
233 4172 374 4264 videri
400 4169 593 4298 possunt
612 4181 796 4297 Vossrus
818 4175 875 4268 de
896 4177 1061 4270 Histor.
1083 4186 1163 4270 La·

63 4297 158 4392 tiuis
194 4339 240 4413 r,
280 4301 352 4413 ιδ,
384 4327 430 4396 et
459 4311 684 4402 Francius
711 4305 757 4400 in
782 4307 1058 4414 Bibliotheca
1085 4317 1166 4404 La·

153 4457 312 4532 CAESAR.
337 4459 532 4536 Comment.
558 4465 665 4534 Tom.
693 4463 722 4536 l.
978 4466 1002 4538 b
