3000 5268
675 364 731 434 DE
766 365 900 432 BELLO
935 363 1081 434 olto·
1182 387 1188 400 ·

318 357 407 460 ¹44

308 575 586 656 Indutiomarus
612 583 651 650 et
676 577 916 678 Cingetorix:
943 603 992 649 ex
1017 577 1153 674 quibus
1177 575 1289 664 alter,
1314 573 1431 654 simul

308 702 421 792 etque
448 695 493 766 de
519 695 685 766 Caesaris
723 694 986 794 legionumque
1028 693 1195 768 adventu
1225 701 1432 796 cognitum

306 817 385 897 est,
411 808 457 880 ad
484 833 572 882 eum
599 810 724 894 veuit;
742 833 779 880 se
799 831 959 906 suusque
978 833 1107 884 omnes
1125 813 1162 882 in
1181 805 1307 882 officio
1325 811 1432 885 lutu-

306 949 369 996 rus
389 947 507 1020 neque
526 926 572 994 ab
592 923 755 996 amicitie
775 923 906 1022 Populi
924 926 1084 998 Romani
1106 924 1318 998 defecturos
1337 951 1433 998 con-

305 1035 491 1121 firrnavit;
511 1062 679 1134 quaeque
696 1040 734 1110 in
749 1040 914 1112 Treviris
926 1045 1166 1138 gererentur,
1182 1039 1361 1112 ostendit.
1378 1044 1433 1112 Ar

305 1149 589 1228 Indutiomarus
603 1155 815 1251 equitatum
830 1154 1112 1253 peditatumque
1128 1177 1281 1254 cogere,
1295 1158 1432 1254 iisque,

306 1271 375 1364 qui·
390 1293 456 1365 per
471 1275 633 1341 aetatem
652 1272 689 1342 in
710 1271 823 1342 armis
844 1295 1010 1343 essenon
1027 1275 1220 1368 poterant,
1239 1270 1279 1342 in
1292 1269 1432 1344 silvam

304 1385 547 1458 Arduennam
574 1385 737 1470 abditis,
780 1409 874 1482 quae
900 1387 1041 1484 ingenti
1068 1386 1326 1485 magnitudine
1364 1411 1432 1484 per

305 1504 449 1580 medios
474 1503 566 1576 fines
592 1504 837 1576 Trevirorum
863 1527 886 1574 a
911 1501 1065 1576 flumine
1100 1504 1231 1577 Rheno
1267 1504 1315 1576 ad
1350 1506 1432 1576 ini-

187 1717 190 1722 *
305 1621 401 1693 tium
422 1621 625 1692 Remorum
645 1621 827 1718 pertinet,
845 1617 984 1692 bellurn
1003 1643 1132 1717 parare
1150 1621 1326 1696 instituit
1354 1623 1432 1696 Sed

305 1743 435 1836 postea
455 1755 570 1831 quam
596 1733 762 1808 nonnulli
784 1735 976 1836 Principes
994 1761 1040 1808 ex
1059 1759 1101 1810 ea
1120 1736 1292 1826 civitate,
1312 1747 1351 1812 et
1371 1745 1433 1812 fa-

305 1850 522 1924 miliarilate
560 1851 807 1950 Cingetorigis
845 1849 997 1924 adducti
1036 1858 1074 1925 et
1113 1852 1279 1925 adventu
1308 1857 1431 1926 nostri

305 1965 492 2037 exercitus
508 1966 717 2065 perterriti,
734 1964 781 2036 ad
799 1965 996 2040 Caesarem
1015 1973 1215 2057 venerunt,
1229 1973 1268 2040 et
1285 1967 1331 2039 de
1351 1971 1431 2040 suis

306 2080 486 2177 privatim
524 2081 635 2152 rebus
673 2081 721 2154 ab
757 2103 802 2154 eo
833 2086 959 2180 petere
986 2086 1216 2180 coeperunt,
1245 2083 1432 2176 quoniam

306 2194 451 2268 civitati
480 2189 672 2268 consulere
690 2219 764 2268 non
784 2201 953 2296 possent,
984 2195 1262 2268 Indutiomarus
1281 2197 1431 2266 veritus

305 2325 352 2384 ne
379 2313 425 2383 ab
461 2313 633 2386 omnibus
668 2312 925 2400 desereretur,
963 2311 1107 2412 legatos
1142 2311 1190 2384 ad
1225 2312 1431 2384 Caesarem

304 2429 442 2516 mittin
470 2455 547 2502 sese
572 2430 714 2502 idcirco
741 2431 789 2502 ab
814 2429 889 2502 suis
917 2430 1104 2504 discedere
1130 2435 1244 2528 atque
1267 2427 1314 2501 ad
1334 2455 1429 2503 eum

306 2547 433 2618 venire
460 2546 638 2633 noluisse,
662 2569 738 2644 quo
757 2545 902 2618 facilius
921 2548 1116 2620 civitatem
1129 2549 1172 2620 in
1192 2543 1315 2619 officio
1332 2573 1429 2620 con-

303 2660 469 2747 tineret,
496 2683 541 2730 ne
568 2661 690 2732 omnis
717 2659 921 2736 nobilitatis
949 2661 1111 2738 discessu
1138 2661 1240 2762 plebs
1268 2670 1430 2761 propter

303 2763 581 2873 inprudentiam
608 2775 807 2850 laberetur.
834 2779 964 2877 ltaque
986 2805 1064 2852 esse
1082 2779 1279 2853 civitatem
1297 2781 1334 2852 in
1356 2805 1430 2855 sua

303 2899 509 2991 potestate,
536 2917 672 2991 seque,
699 2896 728 2966 si
755 2897 891 2970 Caesar
917 2898 1171 2996 permitteret,
1198 2897 1356 2970 adeum
1385 2899 1430 2972 in

304 3016 426 3084 castra
454 3017 656 3088 venturum
684 3018 723 3087 et
748 3037 833 3087 suas
860 3014 1099 3114 civitatisque
1133 3015 1303 3090 fortunas
1343 3019 1429 3092 eius

303 3119 388 3198 fidei
415 3129 694 3226 permissurum.

354 3247 391 3332 4.
417 3246 572 3342 Caesar,
599 3247 668 3321 etsi
694 3243 953 3346 intellegebat,
979 3265 1054 3347 qun
1080 3245 1125 3321 de
1152 3267 1282 3320 caussa
1306 3271 1350 3321 ea
1370 3247 1431 3322 di-

336 3541 538 3600 Indueromarur.
562 3539 681 3597 Numam
699 3541 753 3595 eins
771 3541 829 3614 ipse

304 3613 433 3683 possideo.
453 3611 548 3664 Antiea
567 3609 645 3662 oll'ert
660 3619 740 3679 caput
757 3611 830 3662 inre-

304 3681 370 3738 nile,
389 3683 489 3750 postica
508 3693 647 3732 cessurus
660 3692 753 3729 rnnurr
767 3693 827 3741 rur,

303 3745 351 3800 llos
369 3748 495 3816 gradiens.
530 3745 606 3798 Patet
623 3744 705 3806 irinc,
730 3752 828 3798 bornen

304 3831 350 3884 pcr
373 3827 384 3864 r
408 3811 594 3872 scribendum,
620 3813 734 3865 Graecus
761 3814 829 3865 male

303 3899 350 3951 per
372 3896 398 3940 κ,
417 3889 492 3932 utet
514 3880 573 3932 edd.
592 3886 643 3932 vet.
672 3879 829 3935 Germanica

303 3957 330 3999 ct
342 3947 384 4000 lric
395 3947 520 4018 glorietur
531 3949 642 4018 origine,
653 3959 683 4001 ut
693 3949 829 4002 Conrruios

303 4021 335 4080 4,
360 4032 400 4065 ar.
446 4011 520 4134 guid
537 4014 589 4068 sibi
606 4016 691 4068 velint
716 4015 828 4069 lineolae

303 4091 418 4198 quatuor
434 4103 447 4134 a
469 4083 547 4136 iactae
560 4084 674 4140 nomini.
689 4087 827 4138 incertum.

331 4184 337 4200 .
362 4149 449 4218 Begeri
473 4149 540 4202 llres.
570 4147 717 4202 Brandenb.
749 4161 766 4202 t
796 4169 827 4214 r,

304 4233 331 4288 p.
350 4216 418 4284 3⁰9¹.
435 4215 541 4269 Esthel.
558 4216 592 4268 D.
601 4219 635 4269 N.
645 4218 676 4269 V.
687 4228 706 4268 t.
719 4235 739 4268 1.
750 4237 775 4290 p.
787 4223 827 4284 78.

338 4283 496 4354 Cingetorix.
548 4283 653 4352 Egregie
683 4301 714 4336 ex
745 4291 827 4355 prisca

303 4347 390 4420 lingua
408 4349 507 4402 Celtice
530 4351 578 4402 boc
601 4365 698 4402 nomen
716 4351 828 4422 dignita-

303 4417 339 4470 tis
356 4417 498 4490 exponitur
514 4417 548 4472 ab
565 4416 692 4472 0·an
708 4421 737 4472 in
750 4431 832 4489 opere

895 3541 940 3596 cit.
958 3542 991 3597 ed
1013 3561 1039 3602 r,
1060 3545 1098 3596 16.
1128 3541 1324 3612 cn-go-ne,
1340 3552 1430 3611 ceput

896 3611 929 3664 ad
948 3611 1160 3683 expeditionem,
1177 3611 1202 3660 le
1212 3607 1275 3728 step
1284 3609 1316 3686 de
1327 3607 1430 3726 l’effe'-

896 3680 988 3730 dition.
1019 3679 1093 3730 Infra
1107 3693 1137 3743 7,
1152 3688 1176 3742 4.
1189 3695 1251 3748 prae
1263 3677 1336 3728 'citur
1379 3695 1428 3738 er,

897 3747 915 3797 i.
934 3767 955 3798 e.
975 3748 1046 3798 Fear
1063 3749 1118 3800 sire
1135 3749 1196 3808 vir,
1223 3744 1270 3816 qui
1286 3752 1366 3813 caput
1383 3754 1429 3798 ese

897 3811 1084 3884 expeditionis.

930 3883 1021 3932 silvam
1038 3881 1215 3932 Arduennam.
1249 3877 1303 3931 rid.
1326 3881 1358 3938 G.
1381 3895 1428 3946 29.

895 3948 938 4000 M.
974 3947 1008 3998 Et
1026 3947 1065 4000 ihi
1084 3955 1185 3999 notata.

922 4016 1119 4087 jemiliarr'tate.
1138 4013 1171 4068 al.
1190 4015 1353 4064 noceor-irate.

928 4083 1132 4134 Indutiomarus.
1173 4081 1230 4133 Huc
1252 4079 1302 4131 hoc
1323 4097 1428 4134 nornen

895 4149 1034 4202 transtulit
1054 4147 1175 4202 Oudend.
1200 4149 1319 4220 positum
1342 4147 1427 4218 vulgo

895 4227 959 4289 post'
973 4219 1145 4269 desereretur.

924 4289 1118 4364 permissurum.
1148 4283 1191 4336 At.
1220 4285 1424 4334 comme'ssrrrrrm.

894 4349 1042 4404 Discrrmen
1060 4353 1129 4402 inter
1146 4349 1207 4404 lraec
1220 4351 1272 4403 duo
1285 4349 1363 4405 rerba
1382 4369 1425 4419 pe

896 4425 934 4470 tet
951 4437 982 4470 ex
1000 4419 1055 4472 cic.
1072 4417 1145 4474 Vcrr.
1166 4433 1192 4483 r,
1209 4418 1250 4470 32.
