3040 5264
361 351 440 414 us.
476 351 530 414 iv.
566 355 659 414 cnse.
704 356 773 416 ro.
817 356 883 415 11.
1081 343 1169 453 ¹¹9

56 548 325 640 Helvetiorum,
350 547 617 649 Sequanorzun,
643 554 1020 641 Mediomatricorum,
1050 552 1181 626 Tribu-

59 691 214 750 aarum,
259 665 485 740 Trevirorum
524 674 654 740 citatus
678 669 809 763 sertia
847 684 910 760 et,
939 671 1001 742 ubi
1039 670 1176 743 Oceano

13 842 17 854 .
58 785 356 883 adpropinquat,
371 787 409 854 in
432 784 554 878 ptores
579 783 711 881 diffluit
733 799 877 882 partes,
899 788 1022 860 multis
1047 791 1180 888 ingen-

59 900 227 997 tibusque
251 899 380 972 insulis
406 898 559 995 effractis,
586 925 739 997 quarum
768 929 854 999 pars
879 929 1015 1002 magna
1039 904 1177 1002 aseris

59 1013 294 1110 barbarisque
317 1012 518 1084 mtionibus
543 1014 730 1103 incolitur,
754 1039 801 1087 ca
826 1015 955 1113 quibus
981 1030 1090 1106 sunt,
1116 1021 1181 1114 qai

57 1127 223 1224 piscibus
248 1141 354 1223 utque
387 1131 461 1201 ovis
494 1131 614 1200 avium
648 1132 762 1204 vivere
785 1134 1060 1220 ertsnmantur,
1085 1129 1182 1204 mat-

61 1245 182 1339 risque
206 1240 380 1340 capitibus
405 1245 444 1311 in
470 1239 648 1313 Oceanum
673 1237 810 1340 instuit.

123 1381 181 1426 ιι.
206 1353 342 1426 Caesar
359 1377 478 1452 quum
505 1355 551 1428 ab
579 1355 686 1429 hoste
716 1380 789 1426 non
817 1352 975 1452 amplius
1002 1375 1180 1452 passuum

63 1469 139 1542 XII
163 1467 313 1540 milibus
339 1469 506 1558 abesset,
531 1475 576 1542 ut
602 1477 684 1544 erat
714 1471 989 1557 constitutum,
1022 1467 1069 1538 ad
1095 1491 1182 1540 eum

63 1583 181 1684 legati
208 1591 466 1658 revertuntur:
487 1584 570 1682 qui,
589 1587 627 1658 in
645 1587 777 1660 itinere
804 1585 1009 1684 congressi,
1030 1607 1184 1682 magno-

65 1707 177 1801 pere,
199 1725 244 1774 ne
270 1699 418 1802 longius
444 1699 752 1800 progrederetur,
779 1691 949 1772 oratrant.
989 1701 1116 1790 Quum
1142 1698 1182 1770 id

66 1843 144 1890 non
170 1819 439 1916 inpetrassent,
466 1817 656 1913 petebant,
684 1818 738 1890 uti
765 1815 812 1888 ad
838 1840 902 1889 eos
927 1816 1090 1912 equites,
1117 1815 1181 1912 qui

65 1933 202 2029 agmen
236 1932 542 2014 antecessissent,
569 1933 853 2029 praemitteret,
884 1919 1020 2025 eosque
1055 1949 1181 2026 pugna

66 2047 300 2146 prohiberet3
327 2047 469 2144 sibique
497 2048 551 2119 uti
578 2053 805 2146 potestatem
832 2047 991 2135 faceret,
1008 2045 1046 2117 in
1067 2045 1181 2118 Ubios

66 2163 211 2262 legatos
237 2163 431 2248 mittendi3
450 2187 599 2261 quorrun
616 2167 651 2234 si
665 2164 853 2260 Principes
878 2189 922 2235 aa
947 2175 1091 2236 serratus
1113 2162 1185 2234 sibi

65 2280 296 2354 iureiurando
318 2273 436 2376 fidem
460 2278 666 2374 fecissent,
700 2305 742 2352 ea
775 2281 997 2364 conditione,
1032 2305 1125 2378 quae
1158 2307 1182 2352 a

67 2393 220 2467 Caesare
230 2393 421 2487 serrcmr,
444 2417 483 2466 sc
507 2419 636 2466 zoaros
670 2393 898 2466 ostendebant
910 2424 922 2465 .·
949 2392 995 2465 ad
1029 2393 1095 2464 bas
1123 2415 1182 2465 res

66 2506 317 2580 conficiendas
342 2507 410 2580 sibi
437 2507 549 2580 tridui
578 2509 739 2606 spatium
766 2507 882 2580 daret.
922 2507 1025 2578 Haec
1053 2505 1181 2577 omnia

64 2622 205 2697 Caesar
231 2621 361 2695 eodem
387 2621 452 2694 illo
478 2623 661 2721 pertinere
680 2623 950 2713 arbitrabatur,
977 2629 1039 2712 ut,
1066 2621 1182 2696 tridui

63 2765 173 2813 mora
199 2739 435 2838 interposita,
462 2741 603 2835 equites
631 2763 779 2828 eorum,
808 2741 870 2836 qui
903 2740 1093 2827 abessent,
1119 2762 1183 2812 re·

62 2861 316 2929 verterentur:
331 2860 457 2926 tamen
476 2879 553 2928 sese
573 2861 652 2928 non'
667 2853 812 2956 longius
832 2855 979 2930 mitibus
998 2879 1177 2955 passuum

62 2977 227 3070 quatuor
252 2970 459 3068 aquationis
483 2993 613 3043 «nossa
638 2993 899 3074 processurum
918 2993 961 3043 eo
982 2969 1040 3043 die
1068 2970 1179 3042 dixit:

62 3243 80 3298 l.
99 3263 122 3299 c.
137 3248 216 3312 primi
232 3247 342 3296 amman
362 3241 397 3292 uri
412 3239 526 3293 libamem
543 3237 588 3291 ba·

61 3315 146 3366 tirus-e
152 3314 269 3364 dicamur
277 3309 423 3364 Nantuates
431 3345 437 3366 ,
446 3308 514 3377 apud
523 3326 587 3376 quos

63 3387 140 3432 nurus
152 3379 288 3457 eiusfluvii
297 3377 387 3448 jbntes
400 3379 451 3426 sint
462 3395 489 3426 sn
500 3375 588 3426 Adule

62 3459 158 3526 mirare:
173 3443 214 3498 [bt
223 3445 296 3523 enini
308 3440 443 3508 legebatur
454 3444 588 3498 Aieouairm

63 3509 589 3656 ruinasques

64 3651 150 3720 ipsius
166 3645 306 3730 Strqbanis
324 3663 350 3716 p.
361 3653 418 3708 aot.
471 3663 481 3695 ι
498 3652 586 3722 tamen

62 3715 113 3768 boc
130 3715 187 3766 loco
198 3713 345 3768 batizantes
356 3731 415 3763 crim
450 3729 542 3780 eragrrs
553 3709 587 3762 ad

65 3780 235 3860 Leraauuum
252 3779 334 3832 Mum
351 3779 468 3849 ableget.
481 3787 511 3830 ut
528 3777 589 3830 Cas·

65 3851 538 3992 mttibabbmmaliasttttooeomm,
553 3909 585 3966 de

66 3981 158 4056 quibus
175 3999 199 4033 v,
216 3981 290 4034 sehr..
301 3981 398 4052 ¹ribaus
416 3977 433 4030 l.
443 3997 463 4032 c.
475 3999 500 4051 p.
514 3983 567 4032 ras.

95 4069 125 4101 ca
142 4049 225 4100 itibus.
258 4049 356 4100 Docuit
381 4045 526 4100 Oudendor
537 4049 586 4126 rius

67 4115 96 4168 ad
139 4115 367 4177 manum3,aor,
383 4132 443 4166 cum
461 4135 493 4166 ex
510 4067 569 4168 nius

67 4191 122 4234 urm
138 4203 153 4234 e
172 4181 283 4235 Liviana
306 4181 361 4234 loco
384 4179 433 4243 33,
457 4191 502 4246 tr,
518 4195 591 4252 cupiit

60 4253 178 4320 sturniuis
200 4252 284 4302 ,etiam
312 4253 404 4300 ostium
432 4250 589 4319 significare,

67 4320 114 4368 etsi
137 4316 290 4386 pierumque
312 4325 353 4368 est
367 4317 439 4388 stans.
474 4317 542 4386 Ergo
558 4317 588 4368 iu

69 4381 217 4440 huiusmodi
232 4385 309 4454 tacis,
321 4384 400 4493 quod
422 4395 448 4442 et
471 4385 587 4440 Gesncru

654 3241 683 3292 in
701 3237 778 3292 'ssies-
792 3239 824 3290 L.
836 3238 867 3290 L.
880 3241 967 3292 visum
984 3249 1037 3302 est,
1053 3249 1131 3311 caput
1142 3241 1180 3292 in·

654 3307 727 3360 dicat
744 3315 844 3377 prmum
862 3323 1009 3366 summam,
1027 3319 1178 3362 extremam.

655 3373 687 3426 In
701 3374 747 3429 Gr.
761 3373 889 3444 metnpbr.
902 3383 956 3435 est,
967 3381 1054 3433 asticis
1068 3381 1179 3442 stipasse

655 3445 767 3510 nictatio
791 3447 821 3500 rte
853 3434 966 3499 Ὠκεανόν.
1002 3441 1123 3494 Ceterum
1146 3441 1180 3493 de

657 3508 827 3566 multitudine
844 3511 970 3561 nationum
981 3507 1067 3559 Rheni
1083 3517 1109 3560 et
1126 3506 1180 3564 dis-

657 3593 734 3627 sensu
756 3578 913 3646 seriptorum
935 3595 964 3628 su
986 3593 1014 3626 cr
1036 3575 1083 3626 hnc
1104 3593 1131 3625 re
1152 3583 1180 3625 et

655 3641 706 3698 fide
731 3643 850 3696 Caesaris
867 3652 894 3694 et
915 3594 995 3696 morib
1017 3643 1072 3693 ciris
1094 3641 1180 3710 expli·

654 3709 747 3770 candi,
764 3708 900 3762 adeundus
911 3718 951 3761 est
961 3709 1179 3774 diligentissimus

655 3775 781 3832 callarius
798 3778 825 3828 in
844 3777 930 3829 Notis.
954 3775 1034 3828 Orbis
1057 3792 1087 3834 2,
1105 3773 1132 3832 3,
1153 3779 1177 3826 5.

654 3843 714 3895 init.
732 3845 775 3914 qui
794 3844 940 3903 existimat,
957 3843 1104 3902 Caesonem,
1120 3859 1180 3896 cum

654 3912 736 3962 nmlta
767 3912 834 3962 ostia
867 3911 981 3970 discut,
1015 3908 1175 3960 intellexisse

652 3980 730 4031 ctiam
749 3979 816 4030 rivos
834 3986 861 4028 et
876 3977 963 4033 eticos.
982 3994 1029 4046 per
1046 3993 1111 4045 quos
1123 3973 1173 4026 sub

654 4045 713 4098 illus
731 4045 848 4115 regiones
865 4043 971 4098 Rhenus
995 4041 1107 4096 astaus
1125 4043 1178 4094 t'uo·
1287 4071 1296 4082 ι

657 4113 816 4252 “ficiebam
834 4178 879 4233 alii
883 4178 995 4250 fecisset.
1013 4178 1056 4232 stc
1069 4185 1096 4229 et
1106 4175 1181 4228 alibi:

657 4265 682 4302 v.
701 4249 731 4300 C.
754 4265 778 4306 1,
797 4265 820 4298 2.
839 4247 913 4299 Alex.
933 4265 956 4298 τι.

655 4333 754 4436 Mquue
770 4335 788 4370 a
805 4315 879 4369 Caes.
901 4315 1029 4388 firmmr.
1050 4311 1092 4366 Cf.
1112 4329 1132 4364 c.
1155 4311 1179 4362 8
