3040 5264
361 402 442 462 mn.
475 403 534 462 111.
569 404 662 466 cnr.
705 369 875 465 16-18.
1078 407 1161 468 101

39 607 142 679 ‘stris
160 629 237 678 sese
254 605 427 698 tenebat,
445 631 562 705 quum
581 607 780 682 Viridovix
797 614 930 682 contra
948 630 1032 680 eum
1053 608 1171 684 duum
1258 645 1261 648 ·

63 719 198 792 milium
214 721 334 818 spatio
349 722 575 796 consedisset
589 723 830 821 quotidieque
843 723 1038 824 productis
1053 729 1170 824 copiis

62 836 242 934 pugnandi
270 843 497 936 potestatem
513 837 673 924 faceret3
702 847 747 912 ut
770 843 846 915 iam
864 863 939 912 non
958 841 1080 912 solum
1099 842 1172 914 lno-

62 953 173 1022 stibus
199 953 236 1022 in
264 954 558 1025 contemtionem
585 953 744 1026 Sabinus
771 955 940 1043 veniret,
965 955 1030 1026 sed
1056 957 1171 1028 etiam

61 1070 269 1136 nostrorum
285 1066 447 1140 militum
462 1067 617 1140 vocibus
633 1091 706 1138 non
723 1067 813 1140 nilril
827 1073 1063 1168 carperetur:
1084 1073 1172 1141 tan-

61 1185 207 1278 tamque
233 1183 445 1279 opinionem
471 1185 617 1274 timoris
643 1185 841 1284 praebuit,
868 1191 911 1258 ut
937 1187 1012 1258 iarn
1031 1185 1078 1258 ad
1094 1183 1173 1257 val·

60 1295 133 1370 lum
160 1305 368 1372 castrorum
395 1299 519 1372 hostes
547 1300 724 1374 accedere
751 1301 944 1375 auderent.
990 1301 1030 1374 ld
1056 1327 1100 1374 ea
1125 1301 1171 1374 de

62 1438 184 1487 caussa
203 1415 383 1503 faciebat,
396 1413 497 1510 quod
512 1437 599 1487 cum
610 1421 718 1489 tanta
735 1419 976 1494 multitudine
993 1418 1174 1508 hostium,

62 1532 272 1628 praesertim
290 1555 335 1604 eo
354 1531 527 1619 absente,
553 1531 615 1628 qui
635 1556 820 1610 summam
839 1535 989 1633 imperii
1003 1541 1171 1625 teneret,

63 1646 124 1720 nisi
148 1669 266 1744 aequo
285 1645 389 1734 loco,
415 1653 482 1720 aut
508 1645 789 1744 obportunitate
816 1647 939 1748 aliqua
966 1647 1075 1738 data,
1099 1651 1173 1721 Le-

62 1766 144 1858 gato
171 1758 425 1836 dimicandum
451 1783 526 1832 non
553 1763 802 1837 existimabat.

114 1875 168 1947 18.
203 1876 284 1948 Hac
324 1877 546 1952 confirmata
573 1877 746 1974 opinione
785 1875 953 1964 timoris,
995 1873 1172 1947 idoneum

63 1991 257 2084 quemdam
284 1992 475 2066 hominem
503 1999 542 2066 et
568 1992 743 2070 callidum
770 1992 926 2092 delegit,
954 1990 1105 2064 Gallum
1126 2017 1173 2064 ex

62 2104 129 2193 his,
144 2133 238 2206 quos
256 2109 381 2182 auxilii
400 2131 529 2180 caussa
549 2133 677 2182 secum
696 2109 871 2182 habebat.
902 2109 1000 2180 Huic
1028 2113 1174 2208 magnis

61 2228 227 2320 praemiis
245 2225 648 2327 pollicitationibusque
662 2225 881 2326 persuadet,
900 2225 955 2298 uti
977 2223 1024 2297 ad
1047 2225 1174 2300 lrostes

62 2347 224 2418 transeat
251 2349 309 2433 et,
343 2343 432 2440 quid
458 2342 537 2416 fieri
564 2341 681 2431 velit,
707 2341 852 2415 edocet.
887 2343 990 2434 Qui,
1015 2343 1076 2415 ubi
1105 2369 1174 2442 pro

62 2460 278 2562 perlugaad
304 2484 367 2533 eos
394 2459 520 2547 venit,
547 2459 722 2531 timorem
749 2461 1006 2533 Romanorum
1042 2486 1177 2560 propo-

64 2577 140 2648 nit:
166 2577 296 2678 qru‘bus
321 2579 503 2676 angustus
528 2581 604 2674 ipse
622 2575 793 2649 caesara
814 2575 850 2648 V
845 2581 956 2650 anetus
969 2593 1178 2680 prematur,

64 2688 188 2763 ducet:
204 2716 317 2788 neque
335 2692 479 2789 longius
496 2690 616 2762 obesse
629 2695 715 2788 quin
729 2695 897 2790 proximu
911 2706 1013 2766 rroote
1027 2691 1178 2764 Sabinus

62 2804 149 2873 olum
165 2829 213 2876 ex
228 2809 357 2875 scutris
373 2810 573 2877 exercitum
590 2805 716 2877 educat
730 2819 764 2877 et
776 2805 826 2876 od
840 2807 1029 2879 Caesarem
1047 2807 1181 2880 auelles·

54 2913 198 3006 serendi
216 2941 347 2988 cousso
360 2911 625 3014 proficiscatur.
667 2919 779 3010 Quod
807 2919 869 2993 ubi
897 2920 1068 2992 auditum
1096 2926 1180 3008 est,
1276 2953 1281 2962 ·

63 3031 301 3122 conclamant
318 3055 468 3122 omncs,
495 3036 729 3108 occasionem
752 3035 893 3134 negotii
913 3037 1006 3108 bene
1025 3035 1176 3135 gerendi

63 3149 306 3220 amittendam
326 3173 403 3219 non
421 3171 513 3238 esse,
535 3147 583 3220 ad
602 3155 725 3224 castra
742 3150 787 3222 iri
808 3156 993 3248 oportere.
1033 3147 1177 3221 Multae

63 3287 115 3334 res
142 3265 189 3338 ad
217 3265 291 3338 hoc
318 3263 513 3338 consilium
542 3262 671 3336 Gallos
697 3265 976 3348 hortabantur:
1013 3267 1186 3363 superio.

62 3407 142 3453 rum
162 3366 309 3456 dierum
329 3381 457 3455 Sabini
478 3380 693 3463 cunctatio,
722 3380 898 3479 perfugae
921 3380 1181 3470 confirmatio,

62 3494 181 3595 inopia
197 3496 449 3582 cibariorum,
467 3495 528 3568 cui
542 3495 593 3566 rei
615 3516 747 3592 parum
761 3493 1021 3597 diligenter-ab
1039 3496 1083 3566 iis
1099 3501 1181 3566 erat

64 3613 275 3704 provisum,
301 3635 382 3709 spes
398 3609 567 3681 Venetici
592 3607 701 3696 belli,
728 3613 767 3680 et
790 3607 890 3704 quod
915 3584 994 3679 lere
1020 3606 1182 3680 libenter

65 3722 230 3796 homines
243 3723 304 3814 id,
321 3723 421 3820 quod
437 3723 588 3811 volunt,
607 3722 779 3796 credunt.
806 3723 873 3794 His
887 3722 998 3793 rebus
1014 3719 1185 3809 adducti,

65 3866 134 3916 uon
153 3845 259 3944 prius
280 3841 540 3922 Viridovicem
561 3837 796 3936 reliquosque
822 3837 936 3911 duces
955 3861 1003 3910 ex
1020 3837 1186 3912 concilio.

96 4123 174 4174 neque
210 4107 314 4176 longius
346 4105 457 4172 abesse,
496 4121 591 4174 purum
659 4105 719 4160 ιᾶνν
734 4104 782 4173 peip
800 4127 836 4157 roc
854 4111 963 4172 ἁωωμῒς
981 4109 1022 4160 aad
1039 4115 1081 4170 tit
1097 4115 1182 4174 apofte

67 4171 159 4224 abesse.
194 4173 267 4226 Haec
289 4181 330 4226 est
355 4175 396 4227 vis
418 4173 591 4246 comparativi
658 4181 698 4226 καί
716 4182 756 4241 rui
772 4181 841 4226 ποτοῦ
859 4174 924 4227 ἦσαν.

67 4241 162 4311 luxogius
180 4239 209 4293 h.
226 4239 246 4292 l.
270 4241 308 4292 M.
691 4255 747 4306 spes
759 4238 851 4288 Venae.
862 4239 931 4288 betlt.
949 4233 1100 4307 sperabant
1112 4235 1166 4288 lore
1173 4273 1183 4296 ,

660 4314 691 4356 ut
709 4305 803 4356 Veneti
820 4313 910 4357 coulru
929 4305 1064 4358 Caesarem
1085 4301 1184 4356 bellum

96 4377 202 4426 Multae
214 4395 256 4426 res
267 4383 316 4426 etc.
326 4373 516 4426 Emendaodus
528 4371 592 4424 hinc
658 4381 791 4439 gererent:
811 4373 963 4425 nesciebant
976 4374 1064 4434 euim,
1082 4370 1185 4424 bclluru

68 4439 116 4493 Diu
137 4441 185 4513 33,
208 4449 259 4508 45„
285 4443 332 4514 qui
350 4442 509 4496 econtrario
527 4439 592 4494 dicit
659 4439 727 4495 ulad
744 4440 894 4497 conlectum
911 4459 974 4494 csso.
991 4441 1031 4498 bt.
