3000 5268
248 2429 256 2434 -
352 2391 464 2462 sponse

353 383 449 444 212

718 383 773 440 DE
808 381 943 440 neoto
976 384 1097 442 esLL.

352 579 476 680 opibus
494 582 680 664 iuvantur,
696 575 810 652 Solem
823 594 857 654 et
875 579 1073 654 Vuloonurn
1085 592 1119 654 et
1132 579 1293 650 Lusium:
1311 580 1444 677 reliquos

351 725 396 772 ne
407 697 519 792 soma
538 695 677 795 quidem
691 710 911 793 oooepmsut.
942 695 976 768 V
972 701 1024 767 ito
1042 701 1156 768 omnis
1169 701 1207 768 in
1223 697 1443 772 venationibus

352 827 458 910 utque
473 816 511 882 in
537 811 665 884 studiis
678 815 732 882 rei
743 811 911 882 militaris
926 815 1108 882 consistit:
1122 809 1165 884 ob
1175 811 1336 907 parvulus
1352 810 1447 882 labori

352 952 396 998 uo
411 926 565 998 durnine
589 924 742 998 student.
768 923 841 1024 Qui
862 925 1064 998 diutissime
1089 925 1276 1028 inpuberes
1300 949 1445 1022 perman

352 1055 492 1124 serunt,
509 1045 708 1112 monimum
741 1045 834 1114 inter
864 1066 948 1114 suos
968 1039 1104 1135 serunt
1136 1041 1298 1114 basidem:
1317 1039 1380 1113 boo
1408 1043 1449 1112 obi

352 1175 550 1248 staturam,
576 1157 627 1228 oli
651 1156 719 1228 boo
746 1161 837 1232 vires
864 1181 1055 1256 nervosque
1079 1152 1306 1254 confirmari,
1328 1171 1447 1254 putant.

241 1349 247 1360 ,
352 1275 454 1347 Intro
470 1297 604 1349 annum
623 1295 703 1348 vero
720 1269 1099 1366 rioesimumfiminue
1112 1277 1275 1346 notitiam
1290 1272 1449 1359 babuisse,

352 1583 427 1644 Deus
457 1583 591 1656 propitius
620 1577 792 1638 redderetur?
825 1577 877 1632 Sed

353 1651 424 1706 nihil
449 1651 477 1702 in
500 1651 541 1702 his
569 1648 683 1702 tenebris
711 1655 878 1718 reperturum

352 1740 395 1774 me
413 1737 468 1772 esse
485 1715 602 1780 confido,
619 1724 693 1768 etex
715 1715 797 1767 animi
819 1733 878 1766 seu·

353 1789 436 1840 tentia
460 1784 544 1856 probo
575 1783 720 1836 modestam
755 1781 877 1860 dispute-

353 1857 454 1908 tiouem
480 1851 561 1910 Mich.
586 1851 642 1922 [gn.
670 1847 820 1910 Schmidis,
849 1849 878 1903 in

291 1959 295 1966 .
353 1917 464 1972 historio
482 1919 674 1972 Germanorum
691 1917 723 1968 Τ.
745 1935 765 1967 ι.
784 1934 810 1988 p.
831 1913 877 1994 43,

353 1989 414 2066 qui,
443 1987 529 2040 missis
554 1985 678 2040 omuibus
704 1987 877 2046 coniecturis,

354 2061 467 2116 latetur,
485 2073 532 2106 nec
549 2073 624 2124 posse
642 2051 794 2125 religionem
813 2051 879 2104 Ger-

352 2139 491 2178 manorum
510 2121 646 2192 explicari,
658 2138 706 2172 nee
723 2137 877 2239 magnopere

354 2189 420 2246 utile
438 2189 611 2242 videri-De
629 2187 704 2239 Luna
722 2185 794 2260 epod
839 2205 878 2238 er-

382 2275 445 2310 anos
456 2257 525 2316 culta
536 2257 558 2310 si
570 2257 631 2328 quis
640 2253 810 2316 collectanea,
822 2269 877 2304 non

351 2277 419 2376 bine
433 2323 548 2382 -diusu,
567 2321 590 2374 le
608 2342 649 2376 ere
667 2321 746 2382 velit,
764 2322 877 2392 reperiet

466 2345 572 2450 isedium
600 2387 774 2442 eDiisGerm.
784 2405 840 2460 cap.
851 2407 874 2458 9:

350 2460 396 2516 sed
408 2461 451 2512 vix
464 2459 587 2528 reperiet,
600 2474 652 2526 quo
665 2457 751 2527 possit
763 2457 822 2512 niti.
832 2457 875 2508 M.

382 2594 497 2662 reliquos
515 2609 546 2644 ne
559 2587 637 2662 sonsa
654 2591 753 2659 qudem
777 2607 875 2656 saepe-

349 2674 419 2720 runt.
453 2659 489 2718 Et
505 2667 594 2712 tamen
611 2659 714 2711 'l'aeitus
732 2657 874 2724 (German.

349 2747 407 2798 cap..
434 2731 464 2794 9)
489 2725 648 2778 Mercurium
678 2737 706 2780 et
735 2725 832 2776 isidem
859 2741 874 2776 a

349 2795 490 2858 Germanis
502 2791 552 2844 coli
597 2791 696 2852 thihet,
708 2791 782 2852 addit
794 2793 874 2844 etium

348 2859 487 2914 Heoeuiem
504 2869 530 2912 et
577 2869 667 2914 artem.
712 2859 773 2914 Non
790 2857 873 2912 audeo

349 2927 412 2990 haec
437 2925 586 2996 repudiare,
612 2928 659 2982 sed
684 2945 730 2980 uec
756 2926 874 2978 sustineo

348 2993 494 3064 explicare,
517 2997 567 3048 etsi
598 3004 710 3074 possunt
736 3011 790 3048 uon
817 2996 874 3050 siue

348 3061 434 3134 specie
457 3063 511 3116 veri
534 3061 666 3136 explicari.
718 3057 788 3112 Illud
808 3058 874 3110 mihi

347 3146 452 3196 semper
480 3127 650 3190 obuersatur,
681 3127 754 3198 quod
784 3125 873 3198 paullo

347 3207 409 3260 aute
428 3193 499 3262 dixi,
516 3199 602 3250 muita
621 3206 682 3275 post
698 3193 815 3250 Caesaris
832 3212 874 3250 aa·

347 3272 428 3320 tatem
446 3267 602 3320 Germaniae
620 3283 647 3318 ιιι
669 3270 753 3314 ortatu
776 3259 875 3325 videri,

347 3331 430 3384 muita
447 3332 512 3386 item
534 3331 589 3384 uon
611 3282 691 3381 noblis
717 3327 872 3382 Germaniae

344 3397 482 3468 genitinis,
501 3416 566 3473 ques
584 3397 680 3450 Caesar
698 3414 752 3447 non
769 3393 872 3462 adierit⁴

345 3468 454 3540 propria
469 3465 564 3523 fuisse,
577 3473 608 3518 ut
619 3461 698 3516 Isidis
708 3459 797 3516 cultus
808 3463 872 3516 Sue·

344 3549 439 3586 vorum
457 3533 539 3604 parti:
560 3529 629 3582 unde
644 3538 728 3612 puto&
741 3548 790 3582 nec
807 3527 872 3580 Cae-

343 3619 427 3660 surum
453 3620 466 3652 e
491 3598 601 3660 Tacito,
630 3616 676 3650 nec
705 3599 828 3653 'tacitum
856 3615 870 3646 u

342 3665 451 3721 cesssare
469 3664 555 3719 ubivis
579 3663 715 3736 explicari,
734 3684 782 3718 nee
803 3663 870 3716 alte-

343 3737 404 3788 r'um
423 3741 529 3804 propter
546 3729 659 3786 alterum
679 3731 786 3801 dignuin
803 3729 871 3782 indi-

368 3819 424 3852 sum
444 3820 475 3853 ue
493 3799 543 3854 [ide
561 3799 614 3854 diei
629 3797 771 3876 haberique
784 3816 869 3870 posse.

341 3817 447 3938 §linguis
473 3877 537 3921 sunt
563 3865 706 3928 audiendi,
727 3885 869 3937 agnascen-

341 3935 475 4006 dumque,
490 3933 575 3988 multa
598 3952 646 3986 noe
668 3933 761 3994 latere,
779 3933 868 3992 omnin

339 4019 400 4054 voro
419 4021 433 4054 n
452 4001 576 4062 Romanis
594 4001 712 4059 Romane
736 4010 867 4071 ssiterpre-

341 4071 441 4121 tatione
460 4069 535 4122 tradi.
560 4065 621 4126 Non
640 4067 789 4138 poenitebit
806 4085 873 4134 cum,

339 4135 521 4204 disputatione
535 4135 644 4196 Fuldae,
657 4133 867 4206 supralaudato,

340 4203 472 4260 exsuscita,
491 4221 558 4272 quae
581 4203 732 4269 Antonius,
750 4201 782 4254 de
800 4201 866 4254 anti·

341 4269 443 4339 quitste
463 4269 552 4345 putria
574 4269 773 4332 meritissimus,
790 4267 868 4320 mihi·

329 4355 391 4420 'ipse
417 4335 609 4396 inmitissimo,
635 4355 715 4408 super
742 4336 866 4404 reiigione

341 4411 533 4464 {aerumnosum
549 4401 661 4476 scripsit.
710 4403 810 4457 [mesta
827 4413 866 4457 es:

944 1579 1000 1634 eius
1023 1580 1171 1634 dissertatio
1194 1579 1291 1634 Museo
1311 1579 1448 1635 Pannonico

945 1651 1038 1710 (mens.
1057 1647 1158 1700 hnuar.
1179 1664 1242 1716 1779
1262 1667 1289 1720 p.
1308 1654 1365 1712 25),
1381 1658 1405 1700 et
1418 1647 1450 1698 lo·

943 1733 1004 1766 cum
1013 1715 1044 1766 de
1053 1716 1183 1770 sacrifieiis
1196 1716 1387 1770 Germanorum
1396 1715 1450 1768 bene

943 1780 1066 1834 illustrat.
1084 1783 1209 1834 Ceterum
1228 1793 1255 1834 et
1271 1783 1351 1836 Fuida
1368 1793 1392 1836 et
1407 1785 1451 1834 An·

945 1850 1034 1902 innius·
1057 1847 1125 1905 illud
1148 1851 1273 1920 inprimis
1296 1859 1450 1910 monuerunt,

943 1915 1090 1969 Germanos
1108 1936 1162 1968 ιιοιι
1181 1917 1260 1970 ruodo
1278 1940 1293 1972 a
1311 1917 1402 1978 Gabis,
1415 1915 1451 1968 sed

944 1992 970 2034 et
982 1983 1015 2034 ab
1027 2003 1054 2036 se
1067 1985 1179 2036 invicem
1196 1987 1235 2036 ori
1254 1987 1311 2046 ine,
1324 1985 1451 2043 aetatibus,

943 2050 1082 2118 gentibus,
1104 2051 1201 2106 ritibus
1230 2004 1345 2124 donique
1372 2052 1452 2104 discer-

943 2117 1045 2174 nendos
1063 2137 1130 2179 esse,
1143 2137 1192 2172 nee
1203 2119 1355 2181 Caesarem,
1367 2121 1387 2171 si
1400 2116 1453 2190 quid

944 2183 977 2234 sb
993 2183 1052 2238 eliis
1069 2186 1235 2247 dissenserit,
1253 2187 1418 2240 reiieiendom
1431 2193 1452 2236 et

944 2269 957 2302 e
980 2251 1166 2308 recentioribus
1192 2255 1373 2323 castigandum
1395 2271 1452 2312 esse,

944 2321 1069 2388 quonism
1090 2321 1123 2373 de
1146 2323 1298 2400 antiquiore
1323 2331 1348 2374 et
1372 2321 1451 2390 origini

943 2388 1075 2458 propiore,
1090 2389 1284 2468 Germanusque
1297 2391 1362 2442 reris
1373 2399 1398 2440 et
1409 2389 1452 2458 pri-

943 2455 994 2508 scis
1027 2458 1134 2526 propria
1167 2457 1294 2528 reiigione
1326 2457 1454 2526 scripserit.

942 2521 997 2574 Nee
1011 2521 1078 2574 mele
1094 2526 1152 2594 quis
1160 2533 1212 2576 tres
1226 2525 1414 2578 Germanorum
1421 2541 1455 2574 su·

943 2590 1088 2660 tiquiosum
1104 2601 1201 2644 sentes
1218 2595 1374 2652 constituat,
1386 2607 1454 2641 uuam

941 2667 1002 2713 anie
1021 2657 1158 2715 Caesarem
1163 2675 1172 2726 3
1190 2657 1316 2722 alteram,
1328 2677 1389 2729 quae
1400 2659 1454 2708 Cae·

941 2725 1007 2778 saris
1024 2727 1149 2780 memoria
1169 2727 1233 2794 iuit3
1253 2728 1360 2783 seruam
1377 2725 1398 2776 Τ
1399 2735 1454 2776 aestu

940 2793 1083 2864 siqudem.
1102 2795 1145 2846 M.

976 2917 1002 2966 in
1020 2915 1325 2990 uberespermonserunt,
1337 2932 1396 2966 cuns
1408 2933 1454 2965 mu·

941 2932 1050 3034 lieriiius
1070 2999 1123 3032 uon
1140 2991 1348 3046 consueverunt,
1366 3001 1392 3034 se
1407 3000 1454 3050 ges·

942 3057 1031 3102 serunt
1049 3047 1204 3126 inpuberes,
1217 3047 1340 3102 noudum
1352 3058 1454 3100 maturos

941 3117 1126 3182 urntrim0u103
1144 3113 1177 3168 ab
1195 3115 1312 3169 hominis
1335 3117 1403 3168 enim
1423 3135 1454 3166 ss·

940 3183 1022 3235 bitrio
1044 3201 1099 3236 non
1124 3183 1236 3254 pendet,
1259 3193 1291 3235 ut
1315 3185 1394 3236 serius
1417 3189 1454 3235 aut

941 3251 1014 3304 ocius
1039 3249 1122 3320 pulses
1147 3249 1200 3302 fiat.
1239 3249 1311 3304 Hinc
1335 3251 1453 3320 Pompou.

940 3317 1009 3373 Mela
1020 3315 1048 3378 3,
1060 3317 1084 3367 3.
1098 3315 1130 3370 de
1142 3317 1295 3374 Germanis:
1307 3319 1453 3388 Longissuuu

941 3385 1009 3456 apud
1026 3403 1069 3442 eos
1083 3387 1198 3456 pueritia
1214 3399 1264 3439 est:
1284 3387 1356 3462 quod
1374 3385 1453 3438 eodem

939 3452 1019 3506 modo
1044 3465 1084 3504 est
1108 3453 1285 3531 capiendum,
1316 3453 1453 3508 diutissime

938 3539 983 3572 eus
1001 3539 1016 3572 a
1033 3519 1174 3574 concubitu
1193 3520 1334 3574 abstinere.
1369 3519 1399 3572 In
1415 3520 1452 3571 Gr.

938 3587 1067 3658 mrirsphr.
1077 3597 1130 3648 esi,
1140 3595 1190 3649 τοὺς
1200 3593 1222 3659 ἕξ
1230 3591 1305 3644 αὐτῶν
1317 3594 1353 3646 'irs
1364 3596 1452 3642 risisset

937 3661 1020 3724 χρᾶνιν
1050 3657 1095 3724 byei
1116 3681 1151 3714 sus
1182 3663 1332 3726 oiruirsrree
1362 3659 1454 3726 μάλιιιιι

938 3725 1059 3780 isernien
1103 3743 1147 3776 aec
1164 3725 1253 3780 osenia
1271 3727 1324 3777 iarn
1341 3723 1451 3777 Davisius

937 3799 1083 3851 monuerat.
1130 3791 1201 3847 Aodi
1223 3791 1264 3844 his
1288 3791 1369 3846 debet
1389 3789 1451 3840 locus

937 3855 1023 3910 'l'aeiti
1037 3855 1137 3922 (Germ.
1156 3879 1177 3914 c.
1197 3863 1248 3922 20):
1262 3859 1330 3911 Sere
1347 3861 1451 3908 iuvenum

938 3921 1039 3985 Venus,
1062 3943 1140 3993 eoque
1165 3925 1320 3978 inerbsnustn
1341 3925 1450 3994 pubertas

935 3991 1017 4061 (vigor
1034 3993 1169 4064 corporis).
1187 3993 1230 4047 M.

968 4096 1006 4148 obi
1023 4097 1070 4148 hoe
1086 4101 1162 4148 vires.
1192 4097 1229 4148 ue
1250 4095 1299 4147 etit
1316 4094 1449 4162 benepro

934 4181 1033 4218 nonen
1051 4164 1122 4216 Oud.
1140 4183 1154 4216 e
1171 4163 1221 4217 eod
1241 4200 1246 4213 .

966 4272 1036 4319 intre
1048 4285 1143 4318 anrusm
1156 4271 1302 4318 uicesimum.
1316 4263 1394 4316 Plane
1408 4259 1448 4311 hoc

934 4335 988 4386 suis
1008 4333 1186 4404 praecipiebat
1202 4333 1372 4406 Pytiiugoraffi
1393 4333 1447 4381 usu

934 4399 1079 4459 lusrsbiieho
1097 4419 1118 4454 c.
1137 4403 1177 4458 δι.
