2986 5268
357 333 438 394 cru.
471 333 542 393 vn.
577 333 669 394 can.
708 299 886 422 44-46'.

1097 335 1186 430 271

83 557 125 608 cx
140 533 338 610 maioribus
355 535 487 610 castris
505 535 542 609 in
558 537 702 610 minora
720 536 932 612 transducit
950 537 1195 638 Legatisque,

80 639 167 747 'quos
192 649 344 750 singulis
361 644 567 752 legionibus
586 649 834 752 praefecerat,
852 653 940 752 quid
956 653 1036 727 lieri
1056 645 1195 744 vellet,

81 765 255 840 ostendit:
284 767 320 838 in
349 767 477 868 primis
504 773 652 859 monet,
670 775 713 840 ut
731 771 950 842 contineant
968 765 1129 858 milites,
1146 791 1193 842 ne

80 880 197 952 studio
224 881 415 982 pugnandi
421 901 426 910 ·
440 889 506 956 aut
523 907 585 982 spe
616 883 773 982 praedae
790 881 936 984 longius
957 881 1194 983 progredian-

78 1001 153 1066 tur:
182 995 269 1094 quid
287 997 462 1094 iniquitas
480 997 551 1070 luci
569 997 705 1070 habeat
720 997 969 1087 incommodi,
988 999 1163 1096 proponit
1182 1023 1191 1066 :

75 1110 143 1194 lroc
171 1137 243 1184 una
262 1111 452 1188 celeritate
471 1137 576 1212 posse
605 1113 734 1186 vitari:
763 1111 969 1187 occasionis
993 1135 1200 1200 esserum,

74 1249 144 1297 non
172 1225 313 1326 proelii.
348 1225 415 1300 His
441 1229 551 1302 rebus
579 1231 782 1326 expositis,
808 1229 957 1328 signum
983 1225 1049 1300 dat
1076 1231 1115 1298 et
1142 1225 1189 1298 ab
1278 1291 1281 1297 ,

73 1341 222 1416 dextera
249 1349 356 1444 parte
383 1343 455 1416 alio
482 1343 663 1418 adscensu
687 1342 818 1417 eodem
844 1349 1014 1442 tempore
1040 1341 1192 1417 Aeduos

71 1460 205 1533 mittit.

118 1573 178 1662 46.
207 1571 345 1672 Oppidi
373 1595 501 1647 murus
519 1573 565 1646 ab
593 1570 745 1673 planitie
773 1579 886 1672 atque
905 1573 1012 1647 initio
1032 1571 1190 1652 adscen-

70 1713 149 1780 sus,
175 1697 282 1766 recta
310 1690 487 1790 regione,
513 1691 541 1763 si
563 1689 685 1763 nullus
704 1691 909 1766 amfractus
926 1690 1189 1783 intercederet,

69 1807 167 1882 MCC
196 1833 325 1908 passus
345 1808 493 1880 aberat:
523 1805 701 1904 quidquid
721 1806 806 1880 huic
823 1807 1003 1882 circuitus
1029 1807 1076 1882 ad
1096 1807 1191 1883 mol·

66 1922 231 2000 liendum
258 1925 400 1998 clivum
426 1929 651 2010 accesserat,
673 1919 709 1994 id
729 1923 890 2021 spatium
909 1925 1052 1998 itineris
1071 1949 1190 2026 auge-

66 2037 140 2114 bat.
169 2042 221 2114 At
240 2041 362 2114 medio
381 2039 456 2113 lere
482 2035 577 2112 colle
604 2037 641 2110 in
667 2035 967 2138 longitudinem,
990 2043 1032 2112 ut
1052 2045 1189 2114 nat‘uro

66 2158 205 2229 montis
221 2156 384 2244 ferebat,
400 2177 445 2227 ex
456 2151 658 2254 grandibus
672 2153 768 2224 saxis
783 2175 846 2224 sex
862 2151 1000 2250 pedum
1014 2177 1188 2242 murum,

66 2269 126 2365 qui
148 2278 361 2345 nostrorum
382 2269 552 2370 inpetum
566 2263 755 2355 tardaret,
780 2263 1054 2364 praeduxerant
1082 2264 1186 2338 Galli
1242 2303 1258 2314 -

65 2395 199 2486 atque,
216 2389 387 2464 inferiore
402 2385 502 2459 omni
519 2384 639 2484 spatio
650 2405 769 2455 vacuo
788 2380 941 2472 relicto,
955 2384 1187 2482 superiorem
1216 2433 1217 2446 r

61 2511 208 2599 partem
220 2488 323 2577 collis
340 2525 455 2598 usque
466 2499 513 2572 ad
524 2521 675 2574 murum
685 2495 809 2597 oppidi
820 2495 1044 2570 densissimis
1054 2499 1190 2572 castris

60 2618 358 2718 compleverant.
385 2614 541 2699 Milites,
561 2613 650 2688 dato
666 2613 772 2712 signu
785 2667 796 2702 ,
809 2609 979 2685 celeriter
993 2611 1040 2684 ad
1059 2612 1186 2686 muni-

59 2731 206 2806 tionem
225 2732 467 2832 perveuiunt,
485 2751 643 2827 eamque
663 2727 901 2827 transgressi,
928 2727 1035 2800 trinis
1053 2729 1188 2800 castris

59 2848 272 2942 potiuntur.
293 2847 348 2920 Ac
367 2851 475 2919 tanta
491 2844 563 2918 luit
578 2845 617 2916 in
636 2844 766 2916 castris
785 2841 972 2941 capiendis
991 2827 1185 2924 celeritas,

58 2971 100 3036 ut
125 2966 403 3053 Teutomatus,
428 2985 495 3036 rex
528 2960 804 3059 Nitiobrlgum,
827 2959 952 3034 subito
984 2961 1023 3032 in
1049 2960 1182 3032 taber-

61 3285 69 3337 Ι
91 3219 183 3338 mdiu
201 3223 273 3290 tngo,
291 3235 381 3272 venui
399 3213 524 3270 eumden
538 3213 592 3268 col·

71 3305 123 3338 orn.
181 3323 188 3336 .

90 3366 243 3436 irurgniduu.
262 3361 325 3415 Vid.
344 3361 402 3415 lnd.
420 3361 458 3412 Μ.

89 3448 238 3499 urtrccnsui.
264 3443 328 3498 cod.
342 3443 455 3497 Aldinus
468 3461 592 3507 esoensus,

57 3521 305 3662 vamusim
353 3591 410 3646 lloc
433 3602 474 3645 cst
498 3611 590 3664 super·

56 3659 143 3712 lluum
172 3661 457 3730 interpretamentum,
475 3677 526 3730 quo
543 3660 593 3712 ali·

54 3731 117 3798 quis
132 3727 269 3800 explicare
285 3727 372 3780 voluit
387 3725 479 3786 verba.
492 3733 514 3779 ri
526 3727 591 3778 null.

55 3797 137 3866 amji.
156 3801 249 3846 intere.
269 3795 310 3847 M.

54 3873 223 3994 atili
243 3871 310 3992 tt.
323 3871 529 3992 tt.⁹‘¹⁵⁶⁰¹¹‘¹¹³·
546 3875 592 3945 qo

85 3957 315 4076 draaituu‘drlollr't
330 4023 432 4084 clivum,
447 4007 591 4085 efficia-ut

90 4111 102 4142 r
122 4091 217 4144 minus
229 4089 311 4143 ardua
330 4089 391 4145 clivi
411 4089 467 4144 loca
482 4091 592 4184 pdscep·

53 4155 363 4342 ,tatutis
377 4165 591 4316 izimo:

85 4329 127 4426 lle
146 4375 234 4426 medio
244 4371 273 4446 s
289 4391 309 4425 c.
328 4371 385 4428 atii
400 4374 436 4430 A·

658 3221 719 3334 ὦ
736 3217 926 3289 longitudinem.
959 3215 1015 3270 Alii
1031 3223 1060 3270 in
1076 3217 1190 3290 bergita-

658 3379 1188 3519 ,intercontinuante

691 3544 768 3591 trinis
784 3544 883 3592 sustris.
921 3539 1005 3611 Supra
1023 3558 1079 3657 cap·
1097 3537 1128 3590 36
1146 3539 1187 3594 di-

658 3617 727 3660 serte
745 3606 874 3660 traditum
895 3615 950 3668 est,
973 3609 1048 3674 singu
1060 3625 1133 3659 arum
1150 3607 1186 3660 ci-

660 3675 774 3726 vitatum
791 3675 881 3744 copias
893 3672 1186 3745 separatimconlucalau

660 3739 748 3793 luisse.
798 3739 865 3810 Ergo
891 3741 996 3794 luerunt
1022 3738 1186 3810 singularum

658 3809 759 3878 singula
770 3818 869 3870 uestra,
886 3827 954 3880 qrrac
971 3818 1144 3860 numerantur
1156 3817 1188 3861 ut

658 3875 734 3946 plura
747 3884 773 3927 et
785 3874 899 3935 diversa.
912 3877 962 3929 etsi
975 3895 1044 3928 uuus
1057 3877 1186 3928 exercitus

658 3951 707 3994 cst.
725 3941 765 3994 Ex
783 3941 825 3994 lris
843 3943 938 3996 Caesar
954 3961 1027 3996 nuuc
1044 3943 1095 3994 tria
1114 3961 1187 3995 occu·

659 4019 713 4080 pat.
732 4011 770 4062 Μ.
789 4010 897 4062 Dixerat
914 4009 1003 4082 paullo
1016 4020 1078 4063 ante
1089 4011 1186 4062 densis-

660 4082 725 4128 aimu
733 4091 820 4130 austra
828 4117 835 4138 ,
844 4079 904 4149 quia
914 4077 988 4150 plura
999 4077 1090 4147 exiguo
1098 4078 1187 4148 spatio

679 4147 754 4196 osita.
801 4145 863 4196 Non
885 4165 899 4196 e
929 4165 945 4197 u
970 4164 1035 4214 opus
1060 4143 1102 4197 lrie
1124 4163 1187 4196 cum

659 4163 767 4265 lucrino
784 4211 866 4282 legera
884 4217 919 4264 tr*
980 4215 1136 4264 densissimis
1148 4229 1186 4264 ce·

658 4284 729 4330 stris.

692 4369 868 4431 Turonum.
888 4373 948 4436 Vid.
966 4385 989 4430 e.
1008 4371 1049 4430 δι.
1066 4373 1110 4444 M.
1173 4383 1175 4388 ·
1230 4455 1232 4458 Ι
