3068 5260
713 344 769 404 DE
805 343 940 402 BELLO
974 345 1097 404 GALL.

351 553 431 626 eius
450 545 548 649 apud
566 573 603 622 sc
621 549 781 649 gratiam
799 571 876 621 esse
895 547 1077 637 ostendit,
1097 547 1156 621 uti
1175 551 1214 622 et
1234 545 1470 648 reipublicae

348 672 524 746 iniuriam
537 674 576 742 et
596 692 707 740 suum
726 665 894 738 dolorem
912 667 990 740 eius
1016 665 1202 739 voluntati
1223 691 1267 738 ac
1283 669 1472 766 precihus

351 785 550 858 condonet.
601 782 871 880 Dumnorigem
895 781 942 853 ad
966 804 1004 852 se
1030 788 1165 868 vocat3
1188 781 1344 855 fratrem
1364 782 1475 854 adhi-

350 901 437 986 bet;
459 898 609 996 quaein
628 921 672 968 eo
698 893 965 994 reprehendat,
983 895 1168 981 ostendit;
1189 917 1284 992 quae
1310 896 1388 992 ipse
1416 897 1477 968 in-

329 1011 531 1114 ¹denegat,
549 1033 644 1109 quae
663 1009 798 1082 civitas
819 1017 1017 1112 queratur,
1037 1011 1235 1109 proponit;
1262 1015 1411 1098 mouet,
1426 1017 1473 1082 ut

351 1131 392 1204 in
417 1130 602 1227 reliquum
630 1132 779 1225 tempus
805 1151 933 1200 omnes
959 1129 1186 1228 suspiciones
1212 1128 1335 1213 vitet;
1362 1153 1478 1225 prae·
1528 1165 1529 1170 ,

353 1247 469 1317 teriia
487 1269 524 1316 se
544 1244 732 1339 Divitiaco
751 1241 858 1314 fratri
878 1242 1090 1316 condonare
1110 1241 1214 1314 dicit.
1247 1243 1477 1341 Dumnorigi

358 1359 534 1432 custodes
548 1361 676 1458 ponit,
702 1363 765 1446 ut,
792 1381 887 1455 quae
905 1363 1014 1456 agat,
1032 1356 1256 1455 quibuscum
1275 1354 1477 1452 loquatur,

355 1475 451 1552 scire
477 1480 606 1578 possit.

408 1618 469 1666 21.
514 1593 657 1667 Eodem
683 1591 742 1664 die
768 1591 816 1664 ab
842 1589 1142 1690 exploratoribus
1169 1591 1308 1665 certior
1333 1592 1478 1679 factus,

268 1793 273 1806 .
356 1708 484 1782 hostes
503 1708 572 1780 sub
591 1715 718 1781 monte
738 1706 944 1780 consedisse
962 1705 1065 1778 milia
1086 1729 1262 1804 passuum
1290 1707 1336 1776 ab
1363 1707 1481 1803 ipsius
1528 1763 1529 1774 ,

359 1825 489 1895 castris
511 1829 624 1895 octo:
652 1821 771 1920 qualis
798 1827 894 1894 esset
920 1827 1057 1894 natura
1083 1821 1222 1893 montis
1241 1827 1279 1892 et
1296 1819 1417 1915 qualis
1439 1819 1483 1889 in
1528 1887 1529 1900 ,

360 1941 526 2013 circuitu
544 1939 762 2029 adscensus,
780 1938 845 2036 qui
862 1943 1155 2038 cognoscerent,
1171 1938 1283 2012 misit.
1322 1939 1484 2009 Renun-

363 2057 508 2130 ciatum
536 2063 613 2144 est,
639 2053 787 2128 facilem
810 2077 899 2126 esse.
932 2057 989 2128 De
1004 2057 1118 2128 tertia
1137 2053 1262 2154 vigilia
1280 2057 1324 2126 T.
1343 2055 1486 2126 Labie-

364 2195 476 2260 num,
499 2171 684 2272 Legatum
704 2193 771 2268 pro
788 2169 985 2258 Praetore,
1005 2192 1092 2241 cum
1112 2167 1255 2240 duabus
1273 2165 1486 2266 legionibus

361 2285 462 2358 eliis
481 2283 656 2375 ducibus,
674 2286 737 2382 qui
756 2285 827 2356 iter
846 2289 1120 2384 cognoverant,
1139 2305 1329 2354 summum
1348 2283 1487 2380 iugum
1528 2315 1529 2322 ¹

362 2405 501 2476 montis
515 2403 737 2476 adscendere
752 2401 873 2487 iubet;
888 2399 978 2497 quid
992 2400 1048 2472 sui
1064 2397 1206 2472 consilii
1221 2401 1286 2486 sit,
1301 2398 1487 2470 ostendit.

364 2523 448 2621 Ipse
462 2521 507 2594 de
521 2530 655 2620 quarta
668 2518 797 2621 vigilia
810 2517 941 2592 eodem
953 2517 1101 2606 itinere,
1115 2541 1190 2614 quo
1204 2515 1329 2589 hostes
1343 2517 1490 2606 ierant,

343 2849 346 2856 ,
398 2781 504 2856 reipubl.
530 2787 672 2847 intrusum,
691 2783 787 2838 facum
802 2785 891 2856 raipu·
956 2785 1025 2854 qni,
1054 2789 1085 2834 ut
1113 2781 1272 2853 Spaulremii
1294 2783 1381 2836 verbis
1404 2795 1484 2848 ntur,
1528 2789 1529 2804 ¹

364 2853 458 2908 tlicae.
483 2854 528 2906 Μ.
955 2855 1012 2904 vice
1026 2859 1191 2929 praetorum,
1209 2851 1260 2903 sub
1278 2853 1403 2930 auspiciis
1423 2873 1487 2923 pro·

399 2970 465 3023 quae
481 2962 553 3020 agat·
579 2949 624 3000 affl
641 2945 712 3016 quid·
954 2919 1071 2970 consulis
1100 2926 1147 2969 aut
1183 2929 1370 2988 imperaturis,
1411 2925 1488 2989 porti

430 3047 445 3097 b
518 3055 529 3093 t
577 3039 706 3094 Siccodd
734 3038 808 3092 ‘ted
835 3047 878 3091 vet
955 2988 1085 3038 exercitus
1103 2996 1150 3037 aut
1169 2987 1318 3064 provinciae
1336 3000 1487 3055 praeerant.

399 3066 428 3098 ru
457 3063 550 3095 mona.
709 3077 714 3089 .
811 3077 818 3089 .
880 3074 887 3088 .

406 3115 422 3126 ..
669 3110 674 3120 ‚
955 3053 1007 3104 Cui
1023 3053 1196 3132 descriptioni
1213 3055 1334 3131 cougruit
1350 3073 1396 3114 en,
1435 3072 1488 3106 uae

369 3113 425 3166 Alll
441 3113 485 3164 31ιό
502 3122 623 3160 mmmm·
641 3107 756 3165 Vldflel
773 3125 795 3160 ⁰·
814 3109 853 3171 48·
955 3123 1010 3172 ianr
1028 3130 1089 3171 ante
1113 3139 1141 3172 1n
1160 3120 1253 3172 Ursini
1280 3131 1340 3172 uota
1365 3121 1399 3172 ad
1415 3075 1445 3172 l.
1469 3123 1489 3174 l.

400 3191 526 3260 Legatum
532 3205 580 3254 pro
591 3187 728 3238 Praetore.
738 3189 886 3256 Augustus,

369 3259 481 3310 sormam
504 3257 630 3309 civitatis
665 3256 829 3305 constituens
863 3263 890 3305 ct

387 3325 563 3379 rovinciarum
572 3323 888 3374 Rornanorumrationern

367 3346 535 3451 describens,
553 3409 608 3441 csse
625 3388 711 3440 voluit
728 3387 825 3454 legatos
841 3407 890 3456 pro

388 3470 495 3518 rectore,
508 3459 666 3526 (πρεσβευτὰς
683 3459 888 3524 incarceremur,

368 3480 421 3580 llio
432 3527 504 3580 Cass.
523 3517 570 3590 43,
594 3528 652 3587 13.)
670 3527 717 3642 (Eri
732 3525 801 3574 luere
818 3542 891 3592 ‘prac1

369 3597 440 3648 sides
457 3593 658 3666 provinciarum.
701 3609 746 3642 um
763 3607 824 3655 orgo
842 3591 891 3641 La·

368 3661 464 3716 bimus
476 3679 530 3714 non
543 3660 662 3730 potuerit
681 3657 729 3710 boe
740 3677 819 3710 sensu
837 3678 891 3710 csse

369 3731 470 3798 legatus
488 3749 536 3800 pm
555 3736 692 3798 praetore,
720 3725 820 3796 placuit
837 3744 891 3776 nou

368 3798 464 3860 nullis,
479 3814 587 3865 propere
599 3795 688 3866 potius
700 3793 781 3845 leuc-rc
789 3830 796 3852 ‚
812 3811 892 3862 qrrrrm

368 3883 418 3934 pro
459 3877 581 3924 rariore,
610 3861 656 3914 sed
683 3831 760 3914 codd.
789 3861 890 3912 invitis.

371 3937 409 3986 At
447 3934 515 3984 arrio
532 3931 636 4000 antiqu.
665 3929 724 3982 lect.
754 3927 786 3988 3,
812 3933 835 3980 8.
865 3937 893 3980 ct

372 3999 488 4054 Ursinus
505 3999 539 4050 ad
567 3999 593 4049 h.
611 3998 628 4048 l.
659 4009 686 4050 ct
712 3996 891 4067 Spanlrcmius

371 4067 488 4134 (deusu
514 4076 541 4118 et
559 4073 654 4134 praest.
691 4066 750 4116 Nll-
798 4100 804 4113 .
835 4067 890 4113 560.

372 4153 486 4204 quorum
503 4135 661 4202 scriptorum
678 4129 748 4182 locos
777 4130 892 4182 .cllur·ius

373 4203 424 4252 iam
444 4201 591 4261 indicavit)
609 4217 623 4250 e
640 4199 748 4259 nuruis,
775 4207 892 4264 ternpore

373 4270 488 4331 Augusti
516 4265 737 4334 aliliquioribus,
770 4265 892 4316 ostende-

373 4344 460 4394 runt,
492 4337 572 4384 etium
601 4331 696 4382 liberue
732 4331 892 4399 reipublicae

371 4411 458 4457 aetate
475 4401 555 4454 luisse
572 4397 668 4468 legatos
685 4417 733 4469 pro
758 4407 890 4468 praetore,

955 3189 1091 3258 proposita
1120 3195 1193 3247 crat,
1222 3187 1269 3240 sed
1299 3189 1402 3240 arretior
1428 3209 1487 3240 una

955 3265 1049 3326 parte:
1079 3253 1200 3315 scilicet,
1235 3253 1353 3324 legatum
1380 3256 1492 3306 absente

953 3323 1105 3390 proconsule
1122 3323 1213 3392 aliquo
1239 3320 1362 3382 missum,
1379 3321 1491 3375 dictum

956 3389 1039 3441 videri
1065 3389 1179 3458 legatum
1209 3407 1257 3459 pro
1287 3398 1415 3459 praetore.
1445 3395 1491 3442 Ac
1528 3433 1529 3438 ,

957 3458 1019 3518 talis
1038 3459 1090 3508 fuit
1102 3456 1253 3516 Labienus,
1270 3459 1392 3516 etiarnsi,
1411 3460 1493 3527 qunrl
1528 3469 1529 3476 ³

958 3527 1011 3576 iam
1039 3524 1248 3593 Oudendorpius
1277 3524 1491 3583 animadvertit,

958 3591 1093 3644 Labienus
1110 3593 1169 3643 aliis
1187 3590 1312 3642 omnibns
1332 3589 1394 3642 locis
1419 3593 1492 3642 sim-

958 3660 1063 3730 pliciter
1093 3658 1192 3726 legatus
1220 3660 1337 3710 Caesen's
1366 3659 1492 3712 dicitnr.

961 3737 991 3779 ut
1007 3727 1072 3779 odeo
1090 3725 1162 3779 lucus
1180 3735 1269 3776 noster
1293 3727 1370 3798 plane
1393 3728 1489 3790 singn-

958 3794 1046 3854 laris,
1075 3813 1115 3846 res
1144 3813 1205 3844 vcro
1234 3795 1291 3863 ipsa
1322 3811 1375 3844 nnn
1410 3804 1490 3845 extra

960 3881 1065 3914 ornnem
1094 3861 1290 3914 dubitationem
1320 3863 1406 3931 posita
1443 3865 1492 3912 ri-

959 3931 1059 3982 deatur.
1078 3929 1108 3979 ln
1120 3938 1230 3998 mrtupr.
1250 3931 1351 3981 (inest
1369 3932 1489 3998 irretire-

960 4005 1025 4066 rrpa'r
1040 4037 1047 4056 ,
1064 3999 1121 4047 sinc
1140 3997 1186 4046 illu
1202 4013 1250 4060 pro
1266 4009 1395 4064 praetore.
1430 3997 1491 4048 Ur·

959 4065 1178 4117 siuisententiam
1194 4064 1314 4115 lluvisius
1326 4081 1403 4114 snam
1414 4064 1491 4114 secit.

959 4133 1001 4184 M.
1031 4133 1113 4201 Apud
1139 4131 1254 4182 Vaillant
1273 4132 1301 4182 in
1319 4131 1379 4183 NN.
1399 4131 1492 4182 famil.

960 4215 1001 4252 GN·
1031 4215 1145 4250 ltnfiws.
1175 4212 1231 4250 lllll'·
1254 4227 1286 4236 -·
1314 4215 1344 4249 bl·
1373 4212 1486 4250 Poulei.

958 4282 1016 4318 LEO·
1036 4281 1084 4318 tuo
1106 4283 1148 4318 1²11.

992 4405 1023 4452 iis
1040 4401 1150 4453 ducibus.
1168 4400 1212 4453 Al»
1229 4400 1326 4453 iisdem.
1340 4419 1492 4472 perperorum
