3000 5268
396 365 474 431 ua.
508 369 547 432 v.
580 371 673 431 cur.
718 333 821 434 1-3.
1083 335 1172 455 143

68 595 133 679 que
158 581 202 658 ad
227 589 369 658 certam
397 583 494 660 diem
520 583 652 660 adduci
680 585 805 660 iubete
834 585 903 659 nisi
921 586 974 660 ita
994 580 1173 672 fecerint,

67 697 256 774 cerebello
284 703 477 777 civitatem
506 709 789 800 persecuturum
818 701 1060 774 demonstrat.
1104 703 1173 774 His

66 812 107 883 ad
133 811 227 886 diem
254 815 445 905 adductis,
473 824 515 888 ut
534 818 803 914 imperaverat,
826 816 985 890 arbitros
1001 818 1098 888 inter
1116 817 1176 887 ci-

67 929 192 1002 vitates
218 930 300 1021 dat,
327 933 391 1028 qui
416 930 520 1006 litem
547 935 748 1006 aestiment
774 956 1005 1030 poenamque
1033 932 1173 1004 consti·

65 1049 178 1118 tuaut·
746 1045 753 1064 ’

111 1180 143 1228 2.
184 1155 251 1230 His
285 1155 466 1232 coniectis
500 1159 610 1234 rehus
638 1159 960 1258 conventibusque
986 1161 1172 1258 peractis,

63 1267 98 1342 in
124 1271 331 1346 citeriorem
360 1273 518 1348 Galliam
547 1276 752 1350 revertitur
771 1281 883 1371 atque
901 1274 986 1346 inde
1003 1273 1050 1344 ad
1069 1297 1174 1346 exer-

65 1385 174 1458 citum
201 1388 462 1484 proficiscitur.
487 1389 543 1464 Eo
563 1416 681 1488 quum
701 1392 880 1480 venisset,
910 1391 1076 1464 circuitis
1095 1414 1175 1462 om-

65 1503 166 1576 nihus
193 1505 377 1596 hibernis,
403 1505 578 1608 singulari
604 1505 769 1580 militum
798 1507 943 1596 studio,
969 1509 1007 1580 in
1026 1531 1196 1582 summa*

64 1619 225 1690 omnium
252 1639 377 1692 rerum
404 1622 547 1720 inopia,
570 1622 719 1694 circiter
741 1621 806 1694 DC
824 1623 902 1694 eius
921 1623 1084 1721 generis,
1104 1647 1175 1694 cu-

63 1731 115 1804 ius
139 1759 248 1836 supra
275 1735 634 1826 demonstravimus,
662 1762 774 1813 naves
800 1744 839 1812 et
864 1737 993 1840 longas
1011 1741 1171 1816 xxvffl

63 1843 196 1924 invenit
223 1849 444 1938 instructas,
464 1875 582 1950 neque
600 1851 762 1926 multum
784 1853 908 1926 abesse
929 1853 975 1926 ab
996 1875 1063 1941 eo,
1079 1854 1173 1950 quin

62 1961 180 2052 paucis
206 1961 335 2050 diebus
363 1963 495 2041 deduci
525 1975 685 2064 possent.
722 1965 962 2040 Conlaudatis
988 1965 1172 2044 militibus

62 2077 165 2168 atque
184 2077 250 2166 iis,
275 2080 339 2174 qui
367 2081 515 2178 negotio
543 2081 808 2178 praefuerant,
832 2080 920 2178 quid
946 2079 1024 2158 fieri
1055 2079 1169 2172 velit,

63 2187 216 2261 ostendit
242 2194 505 2288 atqueomois
545 2193 592 2266 ad
632 2201 785 2294 portum
820 2197 934 2271 ltium
968 2196 1173 2270 convenire

61 2295 177 2390 iubet,
203 2327 278 2400 quo
305 2329 351 2378 ex
377 2315 489 2406 portu
515 2309 860 2385 commodissimum
878 2309 916 2380 in
939 2307 1174 2381 Britanniam

61 2416 310 2490 transmissum
336 2445 412 2494 esse
441 2430 699 2522 cognoverat,
726 2423 877 2498 circiter
900 2403 1048 2500 milium
1085 2443 1174 2518 pas·-

62 2551 164 2604 suum
190 2535 302 2608 XXX
329 2563 351 2610 a
378 2541 599 2614 continenti.
643 2541 741 2614 Huic
767 2541 818 2612 rei
847 2535 948 2635 quod
975 2536 1065 2608 satis
1093 2561 1173 2612 esse

62 2649 175 2724 visum
202 2661 260 2726 est
287 2654 476 2746 militum,
514 2655 692 2754 reliquit:
728 2656 805 2755 ipse
841 2679 928 2728 cum
963 2652 1173 2753 legionibus

61 2765 233 2861 expeditis
262 2768 331 2840 1111
358 2777 396 2844 et
422 2772 610 2868 equitibus
628 2771 754 2858 DCCC
771 2774 809 2844 in
829 2768 910 2842 finis
925 2769 1174 2842 Trevirorum

62 2878 449 2981 proficiscitur,·quod
477 2886 514 2958 hi
542 2909 660 2984 neque
687 2884 734 2958 ad
761 2882 918 2958 concilia
947 2881 1174 2972 veniebant,

60 3017 170 3092 neque
197 3000 354 3098 imperio
383 3001 583 3100 parebant,
611 3001 892 3102 Germanosque
928 2999 1175 3072 transrhena-

63 3133 124 3184 nos
150 3115 348 3189 sullicitare
377 3117 609 3190 dicebantur.

106 3232 143 3304 3.
185 3233 290 3334 Haec
330 3235 465 3308 civitas
498 3232 607 3334 longe
642 3231 848 3334 plurimum
880 3234 999 3305 totius
1028 3231 1172 3306 Galliae

59 3349 220 3442 equitatu
241 3348 342 3422 valet
359 3373 584 3450 magnasque
605 3351 717 3423 habet
731 3351 855 3448 copias
870 3348 1058 3450 peditum,
1075 3352 1174 3424 Rhe-

59 3481 240 3558 numque,
273 3469 315 3535 ut
345 3489 456 3562 supra
484 3463 841 3554 demonstravimus,
871 3467 1007 3564 tangit.
1048 3467 1090 3537 tn
1130 3491 1175 3538 ea

58 3578 205 3653 civitate
243 3577 318 3654 duo
354 3579 398 3654 de
430 3581 643 3680 principatu
670 3581 767 3654 inter
794 3603 832 3654 se
868 3581 1172 3672 contendebant,

59 3851 164 3912 Ursinus
181 3879 195 3912 e
213 3868 266 3914 ret.
284 3859 341 3914 cod.
365 3862 479 3922 rarione,
504 3855 577 3931 quod
643 3875 695 3911 uus
713 3857 825 3910 monuit.
859 3855 898 3905 M.
925 3853 995 3907 Bene
1012 3852 1105 3908 delevi.
1140 3855 1171 3908 Si

59 3921 225 3991 plocetHadr.
236 3923 339 3982 Valerio
349 3927 378 3978 in
386 3925 474 3980 Voles.
503 3933 576 3992 .178.
645 3943 745 3980 serrare
763 3925 842 3986 velis,
859 3921 1000 3992 legendum
1018 3933 1085 3974 esset
1108 3941 1171 3974 curu

88 3995 232 4046 enumeras.
269 3992 409 4066 Proprium
432 3995 460 4046 iu
483 3945 532 4048 iac
549 4013 576 4048 re
643 3992 714 4046 oud.
743 3995 941 4044 transmissor-ir.
977 3989 1062 4042 Vossii
1087 3989 1172 4042 codex

59 4071 156 4110 nomen.
175 4061 218 4114 Cf·
235 4079 258 4113 c.
280 4067 302 4112 5.
320 4058 348 4115 et
365 4061 394 4114 C.
414 4059 430 4112 3
465 4079 518 4112 roo.
645 4059 726 4112 habet
749 4062 954 4110 transmissurus.
999 4057 1057 4112 Vox
1080 4069 1170 4108 tram·

86 4127 216 4180 adessent
234 4148 272 4180 eo.
291 4129 335 4183 Sic
347 4127 401 4182 Cic.
414 4097 442 4182 1¹
439 4147 490 4182 use.
505 4123 578 4192 1,31.
645 4133 736 4180 anesus
754 4125 867 4180 occurrit
884 4135 910 4178 et
927 4142 949 4176 c.
971 4121 1008 4176 13.

85 4207 184 4260 portum
204 4197 291 4248 [tium.
311 4197 354 4248 Cf.
373 4206 405 4262 4,
425 4195 464 4247 23.
482 4197 525 4247 M.

87 4267 261 4316 tratrsmissum
279 4283 332 4315 esse
348 4275 511 4334 cognoverat.
544 4261 576 4314 In
678 4281 700 4314 o.
724 4281 759 4313 m.
782 4279 902 4330 partitum
919 4258 1005 4314 XXX.
1029 4258 1071 4312 Al.
1094 4259 1167 4320 XL..

59 4329 187 4382 nonnuliis
205 4336 383 4391 transiecrum,
409 4331 455 4382 sed
479 4331 578 4400 glosse—
645 4329 689 4383 cf.
719 4331 893 4400 Ganuessirter
921 4328 955 4382 ds
984 4327 1169 4398 Brittenburgo

59 4407 96 4447 m
116 4415 169 4451 esse
192 4405 256 4470 post
277 4399 409 4452 Fatruum
431 4398 578 4454 Hotoman·
645 4415 673 4473 p.
697 4413 738 4466 70.
