3032 5266
369 413 448 508 tro.
484 431 510 489 1.
546 430 639 490 cnr.
677 395 851 516 64-66.
1072 402 1168 519 413

50 634 150 708 sistit
176 634 369 731 aciemque
395 635 559 708 instruit.
585 631 778 708 Caesario
802 635 943 734 campis
961 636 1170 710 exercitum

47 750 195 836 reficit,
221 773 267 822 ne
294 748 478 820 defessum
506 749 645 847 proelio
672 750 839 822 obiiciat.
865 752 1008 824 Rursus
1034 740 1172 824 conan-
1236 745 1240 756 ’

48 869 103 940 tis
132 865 302 965 progredi
332 867 541 964 insequitur
566 872 605 939 et
630 873 813 942 moratur.
866 866 921 939 llli
961 867 1169 940 necessario

49 986 266 1072 maturius,
292 979 403 1080 quani
433 985 728 1072 constituerant,
754 991 875 1057 castra
896 993 1064 1084 ponunt:
1081 983 1174 1058 sub-

51 1108 166 1176 erant
193 1101 290 1174 enirn
317 1111 464 1172 montes
491 1107 603 1196 atque
634 1125 655 1172 a
682 1097 832 1173 milibus
857 1124 1033 1199 passuum
1060 1105 1172 1198 quin-

52 1243 130 1316 que
155 1217 291 1292 itinera
318 1212 482 1290 difficilia
509 1223 621 1312 atque
640 1223 797 1318 arigusta
817 1221 1067 1317 excipiebant.
1094 1219 1175 1292 Hos

49 1337 156 1408 intra
182 1341 328 1408 montes
347 1357 384 1406 se
404 1331 650 1432 recipiebant,
672 1341 715 1406 ut
733 1337 941 1431 equitatum
962 1335 1168 1436 effugerent

52 1451 244 1540 Caesaris,
270 1447 532 1550 praesidiisque
557 1447 595 1519 in
623 1449 803 1546 angustiis
830 1449 1053 1540 conlocatis,
1070 1473 1177 1523 exer·

51 1567 177 1643 citum
203 1565 336 1636 itinere
362 1562 628 1662 prohiberent,
659 1565 725 1661 ipsi
753 1563 831 1636 sine
858 1564 1024 1664 periculo
1058 1589 1102 1640 ac
1127 1563 1175 1638 ti-
1264 1592 1272 1610 ¹

50 1707 162 1758 more
189 1684 338 1754 iberum
365 1685 490 1781 copias
517 1681 826 1756 transducerent:
865 1682 965 1778 quod
1003 1681 1076 1756 luit
1101 1683 1173 1760 illis

52 1797 269 1870 conandum
296 1803 410 1893 atque
437 1787 538 1868 omni
564 1798 710 1870 ratione
737 1791 987 1868 efficiendum.
1013 1794 1087 1869 Sed
1108 1803 1174 1872 to-

51 1913 134 1987 tius
161 1911 231 1985 diei
260 1935 384 2012 pugna
410 1917 523 2010 atque
548 1913 691 1986 itineris
717 1912 844 1986 labore
860 1913 1016 2002 defessi,
1039 1935 1118 1986 rern
1137 1914 1176 1987 in

13 2127 20 2134 ·
52 2037 251 2132 posterum
278 2029 374 2103 diem
403 2027 639 2102 distulerunt.
665 2028 801 2102 Caesar
827 2051 977 2128 quoque
1011 2029 1049 2102 in
1084 2055 1176 2131 pro·
1227 2117 1230 2128 „

56 2133 166 2216 xirno
192 2141 285 2216 colle
312 2150 435 2215 castra
462 2144 580 2242 ponit.

109 2255 174 2328 66.
199 2257 321 2328 Media
348 2259 497 2330 circiter
523 2263 632 2330 nocte
651 2257 717 2346 iis,
733 2257 795 2354 qni
815 2254 1023 2353 adaquandi
1042 2279 1174 2330 caussa

54 2371 208 2472 longius
234 2397 255 2444 a
282 2373 413 2444 castris
439 2381 714 2471 processerant,
749 2373 799 2445 ab
824 2373 1010 2470 equitibus
1044 2397 1174 2446 conre-

57 2493 162 2584 ptis,
188 2485 232 2558 tit
257 2487 304 2558 ab
326 2485 381 2558 his
398 2489 536 2559 certior
563 2487 716 2571 Caesar,
732 2488 856 2560 Duces
874 2487 1177 2561 adversariorum

59 2601 207 2677 silentio
234 2604 359 2701 copias
385 2603 516 2676 castris
535 2602 704 2676 educere.
731 2606 816 2696 Quo
834 2605 1009 2704 cognito,
1027 2603 1176 2702 signum

61 2717 143 2824 dari
169 2719 274 2792 iubet
299 2725 339 2792 et
366 2742 452 2791 vasa
481 2717 631 2804 militari
660 2743 763 2792 more
800 2719 1037 2792 conclamari.
1091 2720 1175 2810 illi,

61 2833 242 2906 exaudito
268 2833 450 2922 clamore,
477 2835 609 2924 veriti,
628 2857 673 2906 ne
692 2841 808 2940 noctu
825 2833 979 2932 inpediti
998 2834 1067 2905 snb
1089 2857 1179 2907 one·

61 2971 105 3020 re
131 2945 329 3046 confligere
355 2957 597 3047 cogerentur,
624 2955 689 3019 aut
717 2973 762 3021 ne
779 2949 836 3019 vab
856 2950 1027 3045 equitatu
1046 2949 1182 3020 Caesa·

62 3061 115 3132 ris
141 3061 177 3132 in
205 3062 384 3160 angustiis
413 3069 652 3152 tenerentur,
678 3065 751 3134 iter
775 3065 1015 3170 supprimunt
1039 3063 1188 3160 copias-

64 3199 138 3274 que
162 3177 201 3249 in
228 3179 359 3252 castris
386 3179 594 3252 continent.
617 3179 772 3250 Postero
805 3178 863 3250 die
892 3179 1059 3252 Petreius
1089 3199 1180 3252 curo

64 3294 195 3391 paucis
221 3296 407 3392 equitibus
434 3293 582 3368 occulte
609 3295 656 3367 ad
682 3295 910 3396 exploranda
928 3295 1010 3370 loca
1031 3295 1188 3394 profici-

64 3411 198 3484 scitur.
222 3411 305 3484 Hoc
332 3409 430 3484 idern
458 3411 502 3484 fit
528 3436 574 3486 ex
597 3412 763 3486 Caesaris
782 3414 926 3485 castris.
954 3413 1124 3486 Mittitur
1140 3413 1183 3484 L.

64 3526 243 3599 Decidius
268 3529 366 3600 Saxa
394 3552 482 3602 curn
501 3531 646 3630 paucis,
674 3530 736 3627 qui
756 3529 828 3604 loci
848 3538 1023 3604 naturam
1042 3531 1182 3628 perspi-

68 3647 159 3720 ciat.
211 3635 377 3746 Uterque
404 3647 503 3720 idem
530 3649 862 3741 suisrennnciat,
894 3648 1057 3746 quinque
1084 3645 1185 3721 milia

106 3883 230 3932 consistit.
248 3879 303 3932 Alii
319 3883 441 3932 constitit.
694 3880 841 3934 minnere.
870 3878 1024 3942 [Istucine.
1044 3881 1088 3932 sub
1106 3880 1187 3930 sarci·

105 3951 138 3998 iis
163 3975 196 3986 -
216 3952 350 4016 conreptis.
375 3945 494 4016 Quidem
517 3945 593 4000 codd.
662 3952 709 4000 nic.
728 3949 769 4000 M.

70 4019 91 4065 ii
114 4043 138 4054 —
168 4020 298 4082 correpti3
321 4013 392 4066 unde
427 4012 594 4066 Marciandus
696 4052 851 4092 teneremur,
893 4036 1012 4091 Ffflinsh.
1043 4038 1072 4088 in
1100 4033 1190 4088 indies

71 4084 99 4132 in
127 4081 259 4152 Explicat.
283 4091 335 4134 ret.
360 4090 428 4135 auct.
457 4100 481 4152 p.
509 4083 556 4131 266
576 4085 596 4132 ii
664 4108 753 4160 curm
770 4125 796 4158 v,
813 4108 935 4158 optma,
953 4106 1062 4160 conficit
1079 4103 1128 4172 ¹⁰⁸·
1152 4115 1190 4154 20-

72 4157 151 4218 putat
168 4158 257 4201 ortum
275 4169 288 4201 e
305 4159 368 4202 note
387 4147 488 4200 numeri
505 4147 551 4210 ll,
570 4157 600 4200 ct
665 4188 799 4234 rmum,
816 4183 847 4226 ut
863 4180 893 4226 i„
912 4173 985 4226 curt·
1005 4183 1036 4238 4,
1058 4180 1095 4236 ¹4·
1111 4184 1191 4240 ungn-

71 4235 129 4268 ⁶⁸⁵⁰
147 4215 285 4294 legendum
302 4217 362 4267 ‘²¹¹⁰'
380 4215 435 4271 sed
451 4213 521 4266 nihil
539 4233 598 4268 ΜΨ
666 4245 698 4294 lis
711 4261 832 4311 equomm
849 4243 938 4294 otrari.
957 4239 988 4292 ld
1006 4239 1033 4294 lt.
1050 4237 1069 4290 l.
1082 4239 1189 4290 (nistra.

72 4283 189 4335 tondum
209 4285 322 4337 videtin.
348 4313 380 4326 -
396 4283 497 4336 Locum
516 4283 600 4334 Fron*

74 4351 130 4402 tini
156 4350 289 4421 (Strateg.
312 4369 338 4411 r,
358 4355 388 4411 8,
407 4353 444 4414 8)
460 4352 514 4402 ism
530 4349 600 4402 Vos·
702 4335 870 4406 '‘lbi'rlmvm·
887 4349 913 4384 V·
930 4332 989 4424 hid·
1007 4331 1050 4422 Μ·
1113 4411 1142 4424 ..

75 4418 133 4469 sins
151 4419 283 4476 indicavit
302 4420 340 4469 M.
362 4418 419 4474 Ubi.
436 4437 475 4473 res
493 4415 601 4472 adcura-
702 4413 822 4464 Decidius
834 4413 917 4464 Sara.
933 4412 987 4466 vid·
1005 4411 1059 4464 Cic.
1070 4408 1142 4462 Phili
1163 4427 1191 4482 p.

78 4485 133 4537 tius
151 4495 281 4538 narratur.
677 4501 725 4545 ir,
745 4486 766 4533 i.
785 4489 811 4533 ct
831 4481 880 4542 13,
901 4479 931 4533 13
947 4489 974 4539 ct
990 4481 1098 4552 possin.
1150 4515 1158 4529 .
