3000 5268
365 472 445 534 rm.
470 474 510 533 v.
545 445 638 533 cnr.
671 458 863 558 21.-24.
1034 505 1049 542 .
1081 437 1169 572 159

54 674 293 773 captivorum
314 697 493 774 magnum
515 699 714 750 numerum
741 674 921 764 babebat,
948 679 986 748 et
1012 674 1175 750 nonnul-

54 789 111 864 lae
138 796 361 891 tempestate
388 789 621 892 deperierant
647 815 782 879 naves,
809 789 953 864 duobus
980 815 1173 866 commea·

54 911 154 982 tibus
180 908 386 982 exercitum
415 914 605 1006 reportare
631 907 807 982 instituit.
859 907 915 980 Ac
937 907 989 980 aie
1009 909 1171 1000 accidit,

53 1023 107 1095 uti
137 1045 184 1094 err
210 1027 317 1096 tanto
344 1024 497 1094 navium
532 1045 718 1110 numero,
751 1027 812 1095 tot
836 1023 1171 1122 navigationibus,

54 1159 177 1234 neque
202 1133 301 1225 boo,
327 1157 446 1234 neque
474 1137 661 1236 superiore
687 1159 813 1226 anno,
838 1135 914 1210 ulla
941 1139 1093 1210 omnino
1111 1161 1170 1210 na-

58 1255 133 1344 vis,
160 1275 254 1352 quae
279 1252 416 1328 milites
442 1258 632 1352 portaret,
655 1249 946 1326 desideraretur:
973 1260 1015 1326 at
1039 1279 1086 1328 ex
1111 1257 1172 1348 iis,

55 1391 150 1466 quae
188 1369 317 1440 inanes
351 1389 398 1440 ex
432 1366 640 1445 continenti
666 1365 715 1438 ad
743 1389 831 1438 eum
855 1368 1168 1456 remitterentur,

58 1483 186 1579 prioris
211 1489 445 1556 commeatus
472 1481 646 1582 expositis
671 1478 879 1571 militibus,
912 1485 951 1554 et
978 1505 1069 1578 quas
1097 1505 1168 1580 po·

56 1601 133 1668 rtea
159 1596 341 1668 Labienus
368 1596 554 1670 faciendas
580 1601 780 1669 curaverat
805 1617 962 1668 numero
978 1597 1065 1678 bx,
1085 1619 1167 1692 per·

55 1733 193 1807 paucae
219 1709 347 1786 locum
372 1717 573 1809 caperent3
600 1708 763 1806 reliquae
789 1707 865 1781 fere
892 1731 1021 1781 omnes
1040 1709 1168 1780 reiice-

53 1831 191 1900 rentur.
244 1829 346 1919 Quas
370 1847 499 1924 quum·
514 1825 744 1924 aliquamdiu
769 1827 907 1900 Caesar
933 1825 1071 1898 frustra
1097 1849 1167 1899 ex-

54 1947 281 2038 spectasset,
306 1965 352 2014 ne
377 1942 462 2016 anni
492 1947 659 2040 tempore
679 1966 701 2014 a
720 1941 957 2040 navigatione
984 1937 1166 2012 exclude-

55 2060 180 2143 retur,
205 2055 306 2152 quod
333 2057 612 2152 aequinoctium
639 2055 817 2144 suberat,
852 2055 1060 2130 necessario
1094 2077 1165 2126 an·

52 2173 195 2269 gastius
218 2171 355 2248 milites
379 2170 594 2246 conlocavit
620 2196 684 2262 ae,
711 2191 857 2244 summa
890 2169 1164 2268 tranquillitate

40 2275 272 2376 'consecuta,
296 2286 459 2358 secunda
487 2287 582 2359 inita
596 2311 713 2384 quum
724 2283 898 2360 solvisset
925 2285 1067 2385 vigilia,
1085 2285 1164 2384 pri·-

51 2426 111 2474 ma
135 2399 221 2474 luce
248 2409 389 2478 terram
413 2402 548 2504 adtigit
571 2428 776 2502 omnesque
801 2401 1009 2504 incolumes
1048 2425 1163 2478 naret

50 2516 237 2614 perduxit.
270 2573 273 2583 .

95 2635 158 2718 24.
184 2628 387 2704 Subductis
413 2631 595 2722 navibus,
622 2631 856 2730 concilioque
876 2627 1073 2734 Gallorum
1091 2631 1162 2706 sa·
1195 2625 1201 2636 ’

48 2748 281 2822 marobrivae
308 2754 486 2847 peracto,
513 2748 612 2846 quod
639 2772 683 2821 eo
710 2773 808 2822 anno
848 2748 1082 2822 trumentum
1121 2749 1163 2822 io

48 2861 165 2934 Gallia
191 2869 344 2964 propter
368 2845 559 2936 siccitbtes
584 2864 779 2963 angustius
804 2869 1057 2963 provenerat,
1093 2885 1163 2934 co·
1199 2880 1203 2891 ·

47 2987 150 3054 actua
175 2987 234 3052 est
258 2979 390 3070 aliter,
415 3005 460 3053 ac
484 2979 738 3078 superioribus
777 2981 909 3068 annis,
946 2980 1162 3054 exercitum

46 3091 81 3164 in
109 3093 271 3166 hibernis
297 3094 493 3168 conlocare
520 3093 756 3194 legionesque
782 3093 819 3164 in
845 3091 968 3190 plures
986 3095 1188 3179 civitates,

47 3202 288 3279 distribuere:
316 3228 362 3278 eu
388 3209 523 3304 quibus
549 3231 662 3280 unam
693 3209 732 3279 in
757 3209 923 3280 Morinos
951 3206 1162 3280 docendam

46 3319 84 3396 C.
108 3323 226 3396 Fabio
255 3323 397 3426 Legato
426 3323 554 3412 dedit;
580 3323 739 3398 alteram
765 3324 803 3396 in
829 3322 988 3398 Nervios
1024 3325 1071 3418 Q.
1098 3323 1159 3400 Ci-

73 3565 259 3618 romnreatr'bur.
283 3581 309 3616 r.
328 3563 388 3617 tna
412 3564 456 3618 M.
632 3581 701 3616 marn
719 3565 935 3634 tranquillitatem
952 3580 1108 3620 consecutur.

73 3647 216 3704 mponure.
242 3633 298 3685 Alii
314 3635 466 3700 deportare:
493 3631 566 3704 qnod
665 3636 731 3682 inita
744 3633 893 3700 -vr'gdr'or
913 3642 944 3688 ut
971 3639 1037 3686 inira
1063 3648 1161 3690 aerata

46 3709 70 3750 et
85 3701 173 3772 ipsum
189 3700 246 3753 dici
264 3710 366 3771 potat,
383 3699 428 3752 sed
447 3719 499 3750 non
527 3707 566 3751 est
633 3715 662 3758 2,
682 3713 716 3750 2.'

44 3785 154 3821 neeesse:
173 3785 237 3820 uam
255 3771 406 3824 exereitum,
424 3785 504 3838 quem
521 3785 566 3819 rsu-
666 3766 873 3818 Samarobriuae.
916 3767 984 3820 Hinc
1009 3767 1160 3836 intelligen-

45 3851 88 3902 per
111 3839 139 3888 ln
162 3833 329 3890 Britanniam
354 3843 563 3904 transportaret,
631 3832 682 3886 (lars
700 3835 754 3885 Cic.
779 3831 812 3884 ad
834 3833 896 3885 Dir.
922 3850 952 3898 7,
981 3851 1019 3884 rr.
1052 3853 1090 3886 ιι.
1119 3839 1159 3888 16.

43 3917 108 3955 nnnc
126 3909 250 3974 reportat.
284 3901 326 3954 M.
360 3901 410 3953 Pro
435 3906 564 3959 dudunt,
632 3911 664 3952 ut
681 3899 808 3952 Cellarius
825 3898 902 3952 vidit.
944 3900 983 3954 De
1002 3901 1158 3956 diremitate

43 3971 110 4038 qood
127 3971 196 4023 bene
213 3985 245 4021 a
261 3987 334 4022 nore
351 3969 490 4030 flamna,
517 3968 564 4020 alii
631 3969 774 4038 scripturae
791 3967 821 4020 in
839 3965 890 4020 boc
906 3971 1015 4022 uomina
1040 3967 1100 4022 virle
1119 3972 1161 4022 vi-

43 4043 178 4104 tamtituit,
377 4077 380 4084 ,
631 4055 673 4088 ros
692 4034 783 4088 docus
809 4033 844 4086 ad
869 4037 969 4088 Antan.
993 4037 1112 4091 itinerar.
1133 4055 1158 4106 p.

74 4105 128 4156 ulla
142 4121 215 4156 omn.
231 4107 313 4154 aaut.
338 4102 383 4156 alii
399 4104 475 4154 ¹nulla
492 4121 563 4157 mora
631 4101 689 4156 380.
715 4103 755 4155 De
768 4103 928 4166 coniecturis
953 4103 1155 4173 etymologicis,

43 4167 155 4234 Graeco,
174 4169 563 4242 utapudl'ropcrtr,15,b.
631 4171 843 4224 Samarobrivam
860 4188 881 4222 s.
899 4171 1108 4250 Samarobrr'pvrr
1125 4173 1159 4224 si·

74 4257 104 4287 ex
117 4242 265 4290 corninenn'.
286 4239 340 4290 i..e.
358 4237 480 4292 eGadlia.
498 4239 565 4292 Mox
630 4237 751 4307 gnilicrre
770 4245 903 4308 pontem,
923 4239 953 4290 in
980 4237 1092 4290 flumme
1113 4237 1158 4291 Sa·

44 4314 65 4351 tt
81 4313 138 4358 ants
160 4309 259 4374 ptem
282 4305 430 4358 tollardun
457 4315 511 4367 rat,
533 4313 564 4357 ut
632 4323 703 4358 mara
731 4305 847 4365 sactum,
873 4305 1077 4364 Samarbmrl,
1102 4305 1157 4358 vid.

43 4367 175 4426 Manutius
188 4373 303 4425 monuit.
324 4369 563 4426 Dchbienorid.
631 4373 726 4426 Gellar.
771 4411 778 4424 .
805 4375 852 4426 216
878 4381 904 4426 et
926 4373 983 4428 308.
1009 4383 1037 4424 et
1060 4373 1156 4426 Ritteri

43 4453 96 4508 rap.
116 4461 155 4492 rr.
184 4441 227 4492 Μ.
252 4439 326 4493 lllod
343 4439 493 4492 armenti.
631 4437 694 4492 laist.
713 4391 784 4494 Gall.
824 4457 891 4507 ⁸92.
917 4441 957 4513 dl.¹
984 4441 1083 4510 Briau,
1101 4441 1157 4492 tri·

74 4525 169 4560 raama
182 4521 270 4578 tranq.
281 4521 420 4565 wartona.
432 4508 489 4562 stit
499 4525 565 4562 ωτι·
631 4525 679 4572 va,
696 4527 777 4580 pour.
795 4459 864 4564 dab.
