3040 5264
356 365 416 464 42
716 383 772 439 aa
808 377 943 440 annno
976 381 1098 442 osen.

353 581 426 656 loci
465 583 518 657 sic
557 581 827 672 muniebatur,
866 588 910 657 ut
947 607 1122 685 magnam
1161 581 1212 661 ad
1251 583 1463 660 ducendum

353 699 493 774 bellum
528 699 633 774 daret
667 700 914 792 facultatem,
957 707 1156 800 propterea
1188 702 1290 800 quod
1325 701 1464 776 flumen

354 819 497 910 Dubis,
542 825 585 892 ut
624 819 764 893 circino
803 817 1142 908 circumductum,
1185 843 1302 918 paene
1342 827 1464 896 totum

355 934 532 1033 oppidum
568 933 715 1032 cingit:
746 931 931 1031 reliquum
964 934 1153 1030 spatium,
1181 934 1281 1032 quod
1308 943 1368 1009 est
1396 959 1464 1008 nun

355 1048 513 1148 amplius
540 1047 677 1147 pedum
702 1047 796 1137 DC,
823 1069 897 1145 qua
923 1044 1062 1120 flumen
1088 1049 1332 1134 intermittit,
1361 1073 1464 1124 mons

354 1164 524 1236 continet
541 1185 676 1260 magna
694 1159 912 1250 altitudine,
927 1162 982 1234 ita
1008 1167 1052 1234 ut
1068 1160 1211 1234 radices
1229 1163 1307 1234 eius
1326 1162 1463 1234 montis

356 1301 402 1350 ex
430 1283 587 1374 utraque
621 1279 727 1373 parte
757 1275 860 1373 ripae
892 1271 1054 1348 fluminis
1086 1274 1317 1372 contingant.
1358 1275 1464 1346 Hunc

354 1413 486 1465 murus
526 1387 780 1462 circumdatus
815 1411 939 1461 arcem
973 1384 1090 1462 efficit
1122 1395 1161 1461 et
1200 1405 1288 1462 cum
1328 1389 1462 1488 oppido

356 1505 563 1604 coniungit.
590 1504 675 1577 lluc
700 1503 835 1576 Caesar
865 1504 1009 1602 magnis
1035 1501 1175 1575 diurnis
1201 1505 1465 1600 nocturnisque

356 1619 551 1692 itineribus
578 1615 801 1707 contendit,
827 1623 1086 1717 occupatoque
1113 1615 1250 1717 oppido
1283 1617 1335 1690 ibi
1363 1639 1466 1718 prae-

354 1731 493 1804 sidium
525 1730 711 1805 conlocat.

409 1847 471 1939 39.
505 1845 606 1918 Dum
639 1869 779 1944 paucos
818 1843 894 1918 dies
920 1841 968 1918 ad
1008 1843 1276 1918 Vesontionem
1302 1844 1358 1918 rei
1394 1843 1466 1918 fru-

357 1956 564 2032 mentariae
589 1967 897 2058 commeatusque
923 1983 1053 2032 caussa
1085 1966 1284 2048 moratur,
1311 1981 1360 2032 ex
1388 1979 1466 2056 per-

359 2075 599 2147 cunctatione
618 2081 835 2150 nostrorum
853 2076 1080 2172 vocibusque
1100 2075 1294 2150 Gallorum
1310 2099 1355 2148 ac
1372 2095 1467 2147 mer·

360 2193 560 2278 catorum,
593 2189 657 2286 qui
690 2191 830 2290 ingenti
859 2189 1115 2290 magnitudine
1145 2211 1351 2290 corporum
1378 2187 1468 2259 Ger·

359 2331 515 2396 manos,
547 2305 753 2380 incredibili
787 2308 927 2380 virtute
966 2313 1080 2404 atque
1123 2309 1394 2382 exercitatione
1433 2305 1468 2376 in

361 2423 473 2496 armis
493 2448 569 2496 esse
595 2421 890 2523 praedicabant,
916 2448 1181 2524 saepenumero
1200 2449 1277 2500 sese
1304 2447 1394 2497 cum
1421 2421 1468 2492 eis

361 2563 579 2640 congressos
612 2561 660 2614 ne
692 2537 845 2614 vultum
878 2541 1028 2639 quidem
1059 2547 1173 2639 atque
1200 2543 1320 2616 aciem
1347 2535 1469 2613 oculo·

362 2791 492 2863 Quinctio
505 2785 651 2872 psanticus
662 2807 805 2846 mononem.
814 2791 886 2846 mata
951 2792 1051 2860 uituli}
1067 2791 1114 2847 ted
1128 2789 1174 2846 itte
1186 2791 1275 2848 Aduas
1286 2799 1329 2846 est
1343 2793 1378 2846 ad
1390 2789 1468 2866 lacum

362 2859 438 2913 codd.
459 2875 548 2930 paucis
569 2863 685 2932 exceptis
705 2870 733 2912 et
753 2859 813 2914 edd.
831 2870 883 2912 vet.
951 2861 1079 2923 Larium,
1109 2859 1201 2940 procul
1225 2880 1241 2913 a
1269 2862 1419 2932 Sequanis.
1445 2871 1469 2904 1¹¹

361 2925 464 2980 habent
479 2927 631 3001 aestatum.
645 2927 774 2988 Gruterus
793 2943 885 2980 rocem
952 2945 1066 2998 quorum
1077 2927 1174 2980 limbus
1186 2925 1235 2980 lsae
1252 2947 1292 2980 res
1310 2937 1396 2998 gestae
1413 2928 1469 3000 sunl

356 2995 500 3066 sawltasa
523 2995 621 3049 undare
639 2995 758 3066 putabat.
952 3005 1094 3048 remotum.
1123 2995 1167 3048 M.
1196 2995 1295 3049 Forsan
1327 2997 1349 3048 is
1379 2995 1470 3047 fluvias

399 3059 485 3112 Dialis.
506 3063 615 3115 Cortum
644 3071 684 3114 est
712 3081 726 3114 e
755 3059 885 3115 Strabone
952 3063 1040 3116 dictus
1066 3065 1152 3115 luerat
1176 3061 1272 3115 Adana
1296 3061 1338 3114 vel
1364 3061 1468 3114 Aldus,

363 3128 432 3194 (lib.
457 3141 472 3194 4
514 3133 577 3183 aas
601 3137 628 3182 et
656 3133 748 3197 192),
772 3127 886 3190 Dubia,
953 3131 1173 3184 euiusrecantius
1190 3147 1308 3191 nornen,
1326 3131 1418 3182 statim
1430 3139 1470 3194 per

363 3195 463 3250 Galliac
486 3145 613 3254 durium,
635 3213 696 3248 cum
722 3197 800 3249 Arari
820 3215 885 3249 con·
952 3195 1065 3271 glossam
1082 3215 1097 3248 a
1116 3195 1229 3250 librariis
1248 3197 1276 3248 iu
1293 3197 1411 3267 margine
1429 3209 1469 3258 pc·

363 3263 500 3324 ismctum,
515 3261 706 3315 inlllmdanum
720 3263 844 3315 influere:
859 3269 887 3315 et
954 3265 1057 3326 situm,
1079 3261 1221 3332 deincum
1243 3263 1294 3317 isto
1313 3265 1401 3336 priora
1417 3275 1469 3311 coo-

364 3331 419 3382 luit
437 3327 491 3394 ili,
510 3330 556 3382 uhi
576 3327 684 3383 haeres
703 3339 789 3397 gestae
805 3339 884 3392 suut,
953 3327 1014 3384 luit.

363 3395 887 3530 tentabuntur:
954 3398 1056 3519 stu
1073 3387 1471 3536 za'·csuta„.⁵⁵nstt

363 3531 489 3586 scribitur
499 3530 640 3588 Aldaadis,
651 3529 826 3596 Atdaadubo,
838 3531 887 3584 Al-
954 3531 1069 3602 periclum
1086 3541 1176 3584 ceuset
1192 3532 1226 3584 D'
1241 3531 1348 3586 Anrille
1369 3532 1397 3582 in
1416 3529 1469 3579 bol·

350 3598 520 3659 *duodecin-t,
536 3597 718 3660 Addundndis,
738 3599 888 3651 Aldnasdu·
953 3599 987 3652 da
1003 3599 1028 3652 la
1046 3599 1132 3653 caute
1150 3617 1178 3667 p.
1195 3603 1252 3668 ⁶94·
1272 3601 1326 3651 'l'ot
1342 3602 1415 3650 euim
1434 3611 1471 3662 pt·

363 3667 422 3728 tn)
446 3664 542 3718 maluit
569 3663 698 3718 Cellarins
761 3675 786 3720 st
811 3665 887 3718 vate·
953 3666 1045 3720 dosia
1064 3667 1176 3720 circuitu
1194 3668 1294 3720 montis
1315 3665 1413 3718 radices
1428 3661 1471 3734 ba·-

364 3735 436 3788 s'rusa
453 3739 480 3785 et
497 3733 621 3786 Vossium
637 3731 721 3804 aliqui
757 3737 821 3786 serti
840 3753 887 3804 po-
954 3729 1041 3800 bent3
1067 3736 1098 3785 ui
1122 3733 1219 3786 Caesar
1243 3733 1300 3786 beia
1318 3733 1398 3804 pedes
1415 3743 1471 3781 acet·

364 3819 444 3860 ncre,
473 3808 501 3852 et
530 3797 611 3851 Dndr’e
640 3798 667 3852 la.
694 3799 713 3852 l.
747 3800 888 3882 legendum
955 3802 1012 3874 piat
1041 3819 1089 3872 pro
1120 3800 1244 3871 passibus
1271 3795 1468 3852 communibus·

365 3886 421 3920 esse
437 3866 573 3922 iudicavit.
591 3867 670 3922 llnuc
686 3865 733 3920 reli
754 3887 782 3921 ur
797 3868 887 3922 edito-
955 3884 1022 3989 Ἕως
1051 3867 1197 3921 conficiunt
1225 3866 1305 3938 pedes
1334 3866 1389 3920 duo
1417 3875 1469 3916 cum

365 3953 406 3988 aas
419 3933 538 3988 Caesaris
550 3935 634 3988 secuti
650 3942 723 3988 suut.
768 3935 820 3990 nde
837 3935 887 3988 lla·
976 3935 1075 3988 'aridio

365 4002 435 4055 xerit
446 4000 491 4054 illa
507 4003 659 4072 corruptio,
677 4011 704 4054 et
720 4003 768 4073 qui
788 4005 888 4057 lectiam
989 4007 1149 4072 rorstingarat.
1174 4019 1210 4054 sc..
1235 4001 1330 4072 ripam.
1356 4001 1399 4054 M·
1418 3995 1470 4070 Νῡξῑ

366 4071 418 4130 sit,
443 4077 473 4121 ut
490 4077 587 4121 veteres
604 4066 664 4120 libri
686 4079 838 4122 constanter
854 4067 889 4122 ab
956 4069 993 4121 ita
1007 4071 1097 4138 potius
1134 4073 1185 4120 'ae
1200 4062 1470 4121 ianomnstivohes

366 4137 446 4188 initio
470 4133 573 4206 aliquot
599 4153 610 4188 s
630 4135 712 4188 llabas
742 4135 887 4198 adderent,
957 4139 1076 4208 positum
1092 4085 1205 4190 videtur.
1222 4135 1307 4204 Vulgo
1323 4133 1418 4202 legitur
1432 4143 1469 4178 ra·

366 4203 428 4324 auis
440 4201 598 4280 invpstipet?
610 4155 689 4254 lutat
700 4202 812 4274 aliquis,
824 4206 889 4274 quis
956 4205 1024 4254 dices
1045 4209 1099 4255 atus
1117 4209 1232 4270 motin
1257 4206 1285 4254 iu
1308 4201 1367 4254 aliis
1385 4209 1469 4272 pron&

389 4287 469 4322 umen
492 4275 579 4329 debrias
593 4277 656 4322 tera
674 4269 803 4322 Strabone
814 4287 888 4322 cum·
957 4287 1019 4323 mon
1037 4272 1180 4323 omittitur.
1463 4324 1468 4334 ,

366 4345 528 4390 memoratur
556 4341 567 4400 (
578 4355 609 4416 p.
633 4353 687 4406 ¹9²·
715 4349 772 4401 204.
798 4341 886 4456 app),
991 4329 1469 4408 Hmmnms‚1.c.u.potiss¹2t¹

842 4421 891 4456 mr·

367 4405 398 4462 in
415 4402 465 4456 boc
480 4403 598 4456 fortassis
618 4421 672 4458 csse
689 4401 792 4474 aliquid
957 4404 1017 4460 vult
1034 4403 1113 4459 Huc.
1129 4407 1225 4460 l’arun
1242 4405 1330 4460 refert.
