3026 5264
412 443 492 504 crs.
525 444 612 504 viu.
646 444 739 504 cin.
776 412 886 508 2-5.
1115 417 1210 544 317'

96 652 225 748 patere
240 646 288 718 *io
316 645 394 718 eius
421 647 645 735 amicitiam,
663 646 926 744 finitumasque
944 647 1117 724 civitates
1135 649 1213 722 sine

98 763 173 840 ulla
200 787 327 861 poena.
351 761 492 834 dedisse
519 763 663 834 obsides
690 771 803 859 atque
830 767 868 834 in
895 761 1009 835 fidem
1042 771 1212 862 receptas

98 903 202 968 esse,
228 877 326 950 idem
353 878 534 950 fecerunt.

152 999 185 1082 4.
211 993 347 1070 Caesar
373 993 554 1064 militibus
580 1015 648 1090 pro
673 1000 778 1066 tauto
804 991 930 1066 labore
950 994 1213 1092 acpatieotia,

99 1114 163 1208 qui
183 1109 414 1184 brumalibus
433 1111 580 1192 diebus,
607 1111 801 1182 itineribus
827 1108 1074 1204 difficillimis,
1100 1113 1214 1215 frigo·-

97 1229 202 1302 ribus
227 1227 498 1315 intolerandis,
522 1226 789 1300 studiosissime
809 1238 1089 1326 permanserant
1106 1233 1143 1302 io
1163 1232 1214 1303 la-

97 1343 207 1430 bore,
226 1343 389 1414 ducenos
403 1345 608 1430 sestertios,
626 1342 917 1414 Centuriooibus
937 1345 968 1414 ll
985 1343 1088 1416 inilia
1107 1369 1215 1418 num·

98 1483 205 1530 mum
233 1458 389 1557 praedae
424 1459 574 1530 nomine
607 1459 1088 1557 condonanda'pollioetur;
1107 1461 1215 1560 legio-

98 1575 282 1671 nibusque
296 1575 333 1646 io
351 1573 503 1646 hiberna
518 1573 696 1660 remissis,
711 1575 786 1670 ipse
801 1597 841 1646 se
855 1575 986 1670 recipit
1002 1575 1059 1646 die
1074 1578 1215 1660 XXXX

99 1687 286 1760 Bibracte.
340 1689 394 1760 lbi
424 1711 541 1785 quum
568 1688 625 1758 ius
657 1687 819 1772 diceret,
844 1689 1028 1786 Bituriges
1054 1687 1101 1760 ad
1127 1715 1215 1764 eum

98 1799 244 1900 legatos
274 1803 459 1890 mittunt,
485 1801 663 1876 auxilium
690 1803 846 1900 petitum
861 1809 994 1896 corrtm
1011 1804 1215 1896 Gamales,

99 1937 197 2011 quos
223 1917 389 1990 intulisse
416 1917 557 1990 bellum
583 1918 650 1990 sibi
679 1917 945 2013 querebantur.
972 1920 1057 2010 Qua
1081 1943 1216 1994 reco-

41 2109 55 2130 .
99 2031 225 2128 gnita,
255 2055 371 2128 quum
400 2057 473 2104 ooo
500 2031 659 2130 amplius
678 2034 713 2106 X
731 2039 769 2104 et
788 2033 876 2104 Vlll
895 2032 970 2104 dies
997 2035 1034 2102 in
1054 2032 1216 2108 hibernis

101 2154 202 2220 esset
228 2157 502 2240 commoratus,
528 2149 691 2250 legiones
716 2145 825 2222 Xllll
852 2155 892 2222 et
917 2151 970 2222 Vl
987 2173 1035 2222 ex
1047 2150 1217 2226 bibernis

101 2263 151 2334 ab
179 2266 294 2336 Arare
321 2267 474 2352 educit;
510 2289 601 2362 quas
625 2264 677 2336 ibi
705 2263 944 2352 conlocatas,
975 2262 1216 2359 explicandae

100 2381 157 2454 rei
184 2380 448 2456 frumentariae
475 2405 629 2470 caussa,
656 2381 1131 2477 superioreeorpmentario
1150 2381 1216 2455 des

101 2503 358 2570 monstratum
386 2504 452 2570 est.
479 2499 535 2570 lta
563 2517 651 2568 cum
678 2495 821 2566 duabus
846 2492 1053 2593 legionibus
1069 2493 1118 2566 ad
1135 2519 1218 2593 per«

100 2617 312 2712 sequendos
340 2611 523 2688 Carnutes
549 2613 810 2711 proficiscitur.

156 2731 192 2804 5.
218 2734 344 2824 Quum
360 2729 458 2804 tama
487 2731 673 2818 exercitus
702 2727 749 2800 ad
774 2727 899 2800 hostes
923 2735 1024 2802 esset
1048 2727 1217 2826 perlata,

102 2845 322 2922 calamitate
349 2856 560 2924 ceterorum
589 2843 693 2916 ducti
720 2845 926 2934 Carirutes,
955 2843 1109 2919 desertis
1125 2849 1219 2920 vicis

102 2965 342 3065 oppidisque,
368 2963 462 3074 quae
486 2959 701 3037 tolerandae
721 2961 851 3032 hiemis
868 2965 1220 3050 cenomannicu-

101 3085 167 3154 tis·
182 3087 333 3181 repente
359 3080 500 3178 exiguis
517 3076 842 3149 ad’necessitatem
863 3075 1057 3164 aedificiis,
1076 3075 1220 3150 incole-

101 3195 217 3284 bant,
256 3219 375 3293 nuper
400 3195 498 3264 eoim
527 3189 668 3264 devicti
698 3187 891 3288 complura
908 3189 1042 3286 oppida
1067 3189 1220 3264 dimise·

100 3319 209 3402 rant,
229 3312 378 3417 dispersi
393 3309 625 3414 profugiunt.
653 3306 788 3381 Caesar
802 3312 1037 3404 erumpentes
1051 3331 1095 3378 eo
1110 3311 1221 3381 maxi·

100 3454 166 3502 me
183 3437 350 3527 tempore
365 3425 563 3500 acerrimas
575 3427 812 3520 tempestates
826 3445 941 3518 quum
952 3419 1074 3494 subire
1083 3421 1221 3501 milltes

99 3545 236 3642 pollet,
252 3549 289 3620 io
303 3543 439 3654 oppido
454 3542 663 3619 Carnutum
679 3537 834 3622 Genabo
850 3546 972 3622 castra
986 3540 1091 3648 ponit
1105 3547 1221 3637 atque

137 3853 173 3931 ri
187 3877 260 3930 mars
283 3893 351 3929 ma.
384 3873 453 3926 ouo.
483 3873 631 3944 rupinus
696 3867 814 3920 vassos.
831 3867 902 3920 ola.
920 3865 1020 3920 „aaut
1036 3867 1146 3929 suun,
1165 3867 1183 3918 r.
1196 3885 1221 3923 a.

100 3943 243 4016 tegendum
261 3945 295 3995 ad
311 3943 344 3993 11
358 3959 393 3992 m.
410 3960 436 3994 n.
453 3949 484 3992 ut
504 3959 532 4000 r,
549 3945 572 3990 5.
599 3939 629 3990 C.
697 3945 807 3990 revocat.

103 4032 136 4072 1.
157 4015 204 4078 39,
222 4011 252 4073 3,
271 4010 310 4061 53.
577 4019 581 4033 “
729 4019 811 4070 super.
840 4015 970 4053 somnient.
996 4003 1039 4058 cf.
1058 4019 1086 4068 7,
1105 4017 1145 4069 9⁰·
1180 3999 1222 4054 n.

137 4078 318 4131 condonanda.
355 4075 386 4128 In
411 4073 534 4136 omnibus
551 4073 627 4126 codd.
696 4073 825 4141 explicare
842 4070 895 4121 vid.
914 4069 1029 4122 lud.,M.

100 4155 209 4219 praeter
228 4163 308 4205 aurun
326 4151 455 4195 recentem
480 4151 520 4192 est
537 4141 633 4192 condo-
730 4139 839 4188 deser-ris
857 4141 915 4188 veria
931 4145 980 4190 etc.
1003 4136 1071 4188 Oud.
1084 4133 1222 4204 legendum

102 4227 185 4278 outa,
202 4231 281 4264 sensu
297 4209 383 4264 nullo:
401 4229 460 4280 ergo
478 4209 578 4278 volgato
595 4208 632 4258 le·
698 4205 789 4257 suadet
806 4207 865 4254 vion
877 4206 987 4256 desertis
995 4221 1110 4280 quaeque
1125 4204 1180 4254 toll.
1194 4203 1223 4282 la,

101 4283 160 4334 ctio
177 4281 281 4332 videtur
298 4279 422 4331 hacteuus
445 4277 631 4330 ecorrsctions
698 4289 788 4324 carrera
809 4273 993 4324 constituerunt
1015 4273 1147 4342 aratr'jicia,
1175 4267 1224 4326 ubi

102 4349 221 4402 ssiixisse.
233 4347 387 4399 Ciaocouius
398 4344 482 4396 voluit
491 4343 564 4409 tolli3
577 4359 631 4394 non
698 4338 840 4462 gleblcrulom
856 4343 1016 4408 oppidisque,
1028 4345 1054 4389 et
1071 4355 1133 4391 mox
1156 4341 1224 4392 boos

176 4452 182 4465 .
245 4451 252 4463 ·
711 4419 795 4460 eant·
988 4439 1003 4456 υ

101 4411 246 4538 ”addedd-1
263 4480 319 4536 Alii
335 4481 415 4542 ducit,
444 4477 516 4561 qiiod
536 4475 633 4548 probet
731 4477 891 4528 dimiserant.
910 4473 973 4528 viu.
991 4471 1050 4527 lud.
1076 4472 1115 4524 M.
