<?xml version="1.0" encoding="UTF-8"?>
<!DOCTYPE html PUBLIC "-//W3C//DTD XHTML 1.0 Transitional//EN"
    "http://www.w3.org/TR/xhtml1/DTD/xhtml1-transitional.dtd">
<html xmlns="http://www.w3.org/1999/xhtml" xml:lang="en" lang="en">
 <head>
  <title>
</title>
<meta http-equiv="Content-Type" content="text/html;charset=utf-8" />
  <meta name='ocr-system' content='tesseract 3.04.00' />
  <meta name='ocr-capabilities' content='ocr_page ocr_carea ocr_par ocr_line ocrx_word'/>
</head>
<body>
  <div class='ocr_page' id='page_1' title='image "./ciuliicaesarisc00cellgoog_0146.png"; bbox 0 0 3040 5264; ppageno 0'>
   <div class='ocr_carea' id='block_1_1' title="bbox 348 351 1086 416">
    <p class='ocr_par' dir='ltr' id='par_1_1' title="bbox 348 351 1086 416">
     <span class='ocr_line' id='line_1_1' title="bbox 348 351 1086 416; baseline -0.004 0"><span class='ocrx_word' id='word_1_1' title='bbox 348 355 436 416; x_wconf 70' lang='lat'><strong>10³</strong></span> <span class='ocrx_word' id='word_1_2' title='bbox 706 351 762 412; x_wconf 78' lang='lat' dir='ltr'><strong>DE</strong></span> <span class='ocrx_word' id='word_1_3' title='bbox 796 351 945 412; x_wconf 77' lang='lat' dir='ltr'><strong>Butuo‘</strong></span> <span class='ocrx_word' id='word_1_4' title='bbox 965 353 1086 414; x_wconf 72' lang='lat' dir='ltr'><strong>clun.</strong></span> 
     </span>
    </p>
   </div>
   <div class='ocr_carea' id='block_1_2' title="bbox 323 551 1445 2272">
    <p class='ocr_par' dir='ltr' id='par_1_2' title="bbox 330 551 1445 1114">
     <span class='ocr_line' id='line_1_2' title="bbox 337 551 1443 651; baseline -0.002 -22"><span class='ocrx_word' id='word_1_5' title='bbox 337 555 555 644; x_wconf 89' lang='lat' dir='ltr'><strong>dimittunt,</strong></span> <span class='ocrx_word' id='word_1_6' title='bbox 581 575 693 651; x_wconf 88' lang='lat' dir='ltr'><strong>quam</strong></span> <span class='ocrx_word' id='word_1_7' title='bbox 715 551 761 626; x_wconf 87' lang='lat' dir='ltr'><strong>ab</strong></span> <span class='ocrx_word' id='word_1_8' title='bbox 779 551 836 626; x_wconf 86' lang='lat' dir='ltr'><strong>his</strong></span> <span class='ocrx_word' id='word_1_9' title='bbox 853 553 902 626; x_wconf 88' lang='lat' dir='ltr'><strong>sit</strong></span> <span class='ocrx_word' id='word_1_10' title='bbox 920 559 1156 640; x_wconf 87' lang='lat' dir='ltr'><strong>eoncessum,</strong></span> <span class='ocrx_word' id='word_1_11' title='bbox 1181 575 1286 626; x_wconf 88' lang='lat' dir='ltr'><strong>arma</strong></span> <span class='ocrx_word' id='word_1_12' title='bbox 1305 553 1362 627; x_wconf 87' lang='lat' dir='ltr'><strong>uti</strong></span> <span class='ocrx_word' id='word_1_13' title='bbox 1382 577 1443 627; x_wconf 89' lang='lat' dir='ltr'><strong>ca·</strong></span> 
     </span>
     <span class='ocr_line' id='line_1_3' title="bbox 335 668 1444 770; baseline 0 -26"><span class='ocrx_word' id='word_1_14' title='bbox 335 676 441 770; x_wconf 87' lang='lat' dir='ltr'><strong>piant</strong></span> <span class='ocrx_word' id='word_1_15' title='bbox 455 679 495 744; x_wconf 92' lang='lat' dir='ltr'><strong>et</strong></span> <span class='ocrx_word' id='word_1_16' title='bbox 508 669 554 744; x_wconf 89' lang='lat' dir='ltr'><strong>ad</strong></span> <span class='ocrx_word' id='word_1_17' title='bbox 570 675 693 744; x_wconf 86' lang='lat' dir='ltr'><strong>castra</strong></span> <span class='ocrx_word' id='word_1_18' title='bbox 707 668 948 742; x_wconf 70' lang='lat' dir='ltr'><strong>contendant.</strong></span> <span class='ocrx_word' id='word_1_19' title='bbox 973 671 1111 760; x_wconf 87' lang='lat' dir='ltr'><strong>Quare</strong></span> <span class='ocrx_word' id='word_1_20' title='bbox 1126 691 1324 760; x_wconf 87' lang='lat' dir='ltr'><strong>concessa,</strong></span> <span class='ocrx_word' id='word_1_21' title='bbox 1341 669 1444 760; x_wconf 86' lang='lat' dir='ltr'><strong>laeti,</strong></span> 
     </span>
     <span class='ocr_line' id='line_1_4' title="bbox 334 782 1445 883; baseline 0.001 -27"><span class='ocrx_word' id='word_1_22' title='bbox 334 795 380 858; x_wconf 90' lang='lat' dir='ltr'><strong>ut</strong></span> <span class='ocrx_word' id='word_1_23' title='bbox 406 784 598 883; x_wconf 87' lang='lat' dir='ltr'><strong>explorata</strong></span> <span class='ocrx_word' id='word_1_24' title='bbox 622 783 802 872; x_wconf 89' lang='lat' dir='ltr'><strong>victoria,</strong></span> <span class='ocrx_word' id='word_1_25' title='bbox 827 785 1024 857; x_wconf 83' lang='lat' dir='ltr'><strong>sarmentis</strong></span> <span class='ocrx_word' id='word_1_26' title='bbox 1051 782 1296 883; x_wconf 83' lang='lat' dir='ltr'><strong>virgultisque</strong></span> <span class='ocrx_word' id='word_1_27' title='bbox 1323 783 1445 857; x_wconf 89' lang='lat' dir='ltr'><strong>conle-</strong></span> 
     </span>
     <span class='ocr_line' id='line_1_5' title="bbox 335 895 1444 999; baseline 0.002 -29"><span class='ocrx_word' id='word_1_28' title='bbox 335 901 428 986; x_wconf 89' lang='lat' dir='ltr'><strong>ctis,</strong></span> <span class='ocrx_word' id='word_1_29' title='bbox 447 899 581 996; x_wconf 83' lang='lat' dir='ltr'><strong>qulbus</strong></span> <span class='ocrx_word' id='word_1_30' title='bbox 599 895 714 972; x_wconf 85' lang='lat' dir='ltr'><strong>lossas</strong></span> <span class='ocrx_word' id='word_1_31' title='bbox 733 900 991 974; x_wconf 86' lang='lat' dir='ltr'><strong>Romanorum</strong></span> <span class='ocrx_word' id='word_1_32' title='bbox 1009 895 1241 999; x_wconf 82' lang='lat' dir='ltr'><strong>compleant,</strong></span> <span class='ocrx_word' id='word_1_33' title='bbox 1259 895 1307 968; x_wconf 88' lang='lat' dir='ltr'><strong>ad</strong></span> <span class='ocrx_word' id='word_1_34' title='bbox 1326 903 1444 972; x_wconf 88' lang='lat' dir='ltr'><strong>castra</strong></span> 
     </span>
     <span class='ocr_line' id='line_1_6' title="bbox 330 1023 506 1114; baseline 0 -26"><span class='ocrx_word' id='word_1_35' title='bbox 330 1023 506 1114; x_wconf 86' lang='lat' dir='ltr'><strong>pergunt.</strong></span> 
     </span>
    </p>

    <p class='ocr_par' dir='ltr' id='par_1_3' title="bbox 323 1123 1444 2272">
     <span class='ocr_line' id='line_1_7' title="bbox 387 1123 1443 1226; baseline -0.003 -26"><span class='ocrx_word' id='word_1_36' title='bbox 387 1153 444 1226; x_wconf 86' lang='lat'><strong>¹9·</strong></span> <span class='ocrx_word' id='word_1_37' title='bbox 471 1131 593 1204; x_wconf 85' lang='lat' dir='ltr'><strong>Locus</strong></span> <span class='ocrx_word' id='word_1_38' title='bbox 621 1134 701 1203; x_wconf 88' lang='lat' dir='ltr'><strong>erat</strong></span> <span class='ocrx_word' id='word_1_39' title='bbox 728 1137 935 1202; x_wconf 87' lang='lat' dir='ltr'><strong>castrorum</strong></span> <span class='ocrx_word' id='word_1_40' title='bbox 964 1127 1085 1202; x_wconf 91' lang='lat' dir='ltr'><strong>editus</strong></span> <span class='ocrx_word' id='word_1_41' title='bbox 1104 1135 1144 1200; x_wconf 89' lang='lat' dir='ltr'><strong>et</strong></span> <span class='ocrx_word' id='word_1_42' title='bbox 1169 1123 1365 1225; x_wconf 86' lang='lat' dir='ltr'><strong>paullatim</strong></span> <span class='ocrx_word' id='word_1_43' title='bbox 1401 1127 1443 1198; x_wconf 87' lang='lat' dir='ltr'><strong>ab</strong></span> 
     </span>
     <span class='ocr_line' id='line_1_8' title="bbox 329 1235 1442 1342; baseline 0.002 -30"><span class='ocrx_word' id='word_1_44' title='bbox 329 1239 407 1313; x_wconf 90' lang='lat' dir='ltr'><strong>imo</strong></span> <span class='ocrx_word' id='word_1_45' title='bbox 435 1245 610 1332; x_wconf 76' lang='lat' dir='ltr'><strong>aelclivis,</strong></span> <span class='ocrx_word' id='word_1_46' title='bbox 629 1235 778 1316; x_wconf 79' lang='lat' dir='ltr'><strong>circiter</strong></span> <span class='ocrx_word' id='word_1_47' title='bbox 795 1267 923 1342; x_wconf 86' lang='lat' dir='ltr'><strong>passus</strong></span> <span class='ocrx_word' id='word_1_48' title='bbox 943 1243 1052 1320; x_wconf 78' lang='lat' dir='ltr'><strong>mile.</strong></span> <span class='ocrx_word' id='word_1_49' title='bbox 1072 1243 1157 1316; x_wconf 91' lang='lat' dir='ltr'><strong>Huc</strong></span> <span class='ocrx_word' id='word_1_50' title='bbox 1175 1263 1312 1338; x_wconf 85' lang='lat' dir='ltr'><strong>magno</strong></span> <span class='ocrx_word' id='word_1_51' title='bbox 1333 1265 1442 1314; x_wconf 90' lang='lat' dir='ltr'><strong>cursu</strong></span> 
     </span>
     <span class='ocr_line' id='line_1_9' title="bbox 329 1354 1444 1458; baseline 0.001 -28"><span class='ocrx_word' id='word_1_52' title='bbox 329 1359 623 1447; x_wconf 79' lang='lat' dir='ltr'><strong>contenderunt,</strong></span> <span class='ocrx_word' id='word_1_53' title='bbox 651 1365 693 1432; x_wconf 83' lang='lat' dir='ltr'><strong>ot</strong></span> <span class='ocrx_word' id='word_1_54' title='bbox 720 1383 833 1456; x_wconf 88' lang='lat' dir='ltr'><strong>quam</strong></span> <span class='ocrx_word' id='word_1_55' title='bbox 861 1360 1057 1432; x_wconf 89' lang='lat' dir='ltr'><strong>minimum</strong></span> <span class='ocrx_word' id='word_1_56' title='bbox 1071 1357 1181 1458; x_wconf 88' lang='lat' dir='ltr'><strong>spatii</strong></span> <span class='ocrx_word' id='word_1_57' title='bbox 1200 1354 1247 1428; x_wconf 87' lang='lat' dir='ltr'><strong>ad</strong></span> <span class='ocrx_word' id='word_1_58' title='bbox 1266 1380 1306 1428; x_wconf 90' lang='lat' dir='ltr'><strong>se</strong></span> <span class='ocrx_word' id='word_1_59' title='bbox 1325 1357 1444 1431; x_wconf 90' lang='lat' dir='ltr'><strong>conli-</strong></span> 
     </span>
     <span class='ocr_line' id='line_1_10' title="bbox 328 1471 1443 1574; baseline 0.003 -33"><span class='ocrx_word' id='word_1_60' title='bbox 328 1473 468 1568; x_wconf 82' lang='lat' dir='ltr'><strong>gendos</strong></span> <span class='ocrx_word' id='word_1_61' title='bbox 487 1475 757 1574; x_wconf 82' lang='lat' dir='ltr'><strong>armandosque</strong></span> <span class='ocrx_word' id='word_1_62' title='bbox 772 1474 952 1547; x_wconf 84' lang='lat' dir='ltr'><strong>Romanis</strong></span> <span class='ocrx_word' id='word_1_63' title='bbox 967 1473 1144 1561; x_wconf 89' lang='lat' dir='ltr'><strong>daretur,</strong></span> <span class='ocrx_word' id='word_1_64' title='bbox 1169 1471 1443 1568; x_wconf 83' lang='lat' dir='ltr'><strong>exanimatique</strong></span> 
     </span>
     <span class='ocr_line' id='line_1_11' title="bbox 326 1588 1443 1687; baseline 0.002 -29"><span class='ocrx_word' id='word_1_65' title='bbox 326 1595 592 1684; x_wconf 79' lang='lat' dir='ltr'><strong>pervenerunt.</strong></span> <span class='ocrx_word' id='word_1_66' title='bbox 649 1592 828 1677; x_wconf 86' lang='lat' dir='ltr'><strong>Sabinus,</strong></span> <span class='ocrx_word' id='word_1_67' title='bbox 854 1613 940 1662; x_wconf 88' lang='lat' dir='ltr'><strong>suos</strong></span> <span class='ocrx_word' id='word_1_68' title='bbox 968 1589 1170 1676; x_wconf 89' lang='lat' dir='ltr'><strong>hortatus,</strong></span> <span class='ocrx_word' id='word_1_69' title='bbox 1208 1588 1443 1687; x_wconf 89' lang='lat' dir='ltr'><strong>cupientibus</strong></span> 
     </span>
     <span class='ocr_line' id='line_1_12' title="bbox 327 1705 1442 1806; baseline 0.004 -32"><span class='ocrx_word' id='word_1_70' title='bbox 327 1705 474 1802; x_wconf 81' lang='lat' dir='ltr'><strong>signum</strong></span> <span class='ocrx_word' id='word_1_71' title='bbox 502 1707 579 1779; x_wconf 86' lang='lat' dir='ltr'><strong>dat.</strong></span> <span class='ocrx_word' id='word_1_72' title='bbox 617 1707 793 1804; x_wconf 83' lang='lat' dir='ltr'><strong>inpeditis</strong></span> <span class='ocrx_word' id='word_1_73' title='bbox 820 1706 990 1780; x_wconf 85' lang='lat' dir='ltr'><strong>hostibus</strong></span> <span class='ocrx_word' id='word_1_74' title='bbox 1015 1709 1167 1806; x_wconf 87' lang='lat' dir='ltr'><strong>propter</strong></span> <span class='ocrx_word' id='word_1_75' title='bbox 1187 1727 1251 1794; x_wconf 90' lang='lat' dir='ltr'><strong>ea,</strong></span> <span class='ocrx_word' id='word_1_76' title='bbox 1276 1727 1374 1800; x_wconf 87' lang='lat' dir='ltr'><strong>quae</strong></span> <span class='ocrx_word' id='word_1_77' title='bbox 1396 1705 1442 1778; x_wconf 74' lang='lat' dir='ltr'><strong>fe</strong></span> 
     </span>
     <span class='ocr_line' id='line_1_13' title="bbox 325 1820 1441 1921; baseline 0.005 -31"><span class='ocrx_word' id='word_1_78' title='bbox 325 1823 627 1912; x_wconf 65' lang='lat' dir='ltr'><strong>retentorum,</strong></span> <span class='ocrx_word' id='word_1_79' title='bbox 653 1821 775 1897; x_wconf 90' lang='lat' dir='ltr'><strong>subito</strong></span> <span class='ocrx_word' id='word_1_80' title='bbox 803 1820 947 1894; x_wconf 88' lang='lat' dir='ltr'><strong>duabus</strong></span> <span class='ocrx_word' id='word_1_81' title='bbox 975 1823 1093 1921; x_wconf 91' lang='lat' dir='ltr'><strong>portis</strong></span> <span class='ocrx_word' id='word_1_82' title='bbox 1111 1820 1346 1920; x_wconf 85' lang='lat' dir='ltr'><strong>eruptionem</strong></span> <span class='ocrx_word' id='word_1_83' title='bbox 1366 1820 1441 1896; x_wconf 87' lang='lat' dir='ltr'><strong>fieri</strong></span> 
     </span>
     <span class='ocr_line' id='line_1_14' title="bbox 325 1935 1442 2040; baseline 0.002 -32"><span class='ocrx_word' id='word_1_84' title='bbox 325 1935 443 2010; x_wconf 88' lang='lat' dir='ltr'><strong>iubet.</strong></span> <span class='ocrx_word' id='word_1_85' title='bbox 487 1939 647 2012; x_wconf 81' lang='lat' dir='ltr'><strong>Factum</strong></span> <span class='ocrx_word' id='word_1_86' title='bbox 675 1943 732 2012; x_wconf 88' lang='lat' dir='ltr'><strong>est</strong></span> <span class='ocrx_word' id='word_1_87' title='bbox 758 1938 1041 2040; x_wconf 87' lang='lat' dir='ltr'><strong>obportunitate</strong></span> <span class='ocrx_word' id='word_1_88' title='bbox 1066 1937 1165 2026; x_wconf 88' lang='lat' dir='ltr'><strong>loci,</strong></span> <span class='ocrx_word' id='word_1_89' title='bbox 1191 1936 1357 2010; x_wconf 90' lang='lat' dir='ltr'><strong>hostium</strong></span> <span class='ocrx_word' id='word_1_90' title='bbox 1386 1939 1442 2010; x_wconf 92' lang='lat' dir='ltr'><strong>in-</strong></span> 
     </span>
     <span class='ocr_line' id='line_1_15' title="bbox 325 2045 1442 2155; baseline 0.004 -31"><span class='ocrx_word' id='word_1_91' title='bbox 325 2045 480 2128; x_wconf 83' lang='lat' dir='ltr'><strong>scientia</strong></span> <span class='ocrx_word' id='word_1_92' title='bbox 508 2080 552 2128; x_wconf 90' lang='lat' dir='ltr'><strong>ac</strong></span> <span class='ocrx_word' id='word_1_93' title='bbox 580 2054 870 2155; x_wconf 76' lang='lat' dir='ltr'><strong>defatigatione,</strong></span> <span class='ocrx_word' id='word_1_94' title='bbox 899 2055 1038 2128; x_wconf 88' lang='lat' dir='ltr'><strong>virtute</strong></span> <span class='ocrx_word' id='word_1_95' title='bbox 1064 2053 1251 2143; x_wconf 85' lang='lat' dir='ltr'><strong>militum,</strong></span> <span class='ocrx_word' id='word_1_96' title='bbox 1276 2057 1442 2152; x_wconf 90' lang='lat' dir='ltr'><strong>superio-</strong></span> 
     </span>
     <span class='ocr_line' id='line_1_16' title="bbox 323 2169 1438 2272; baseline 0 -28"><span class='ocrx_word' id='word_1_97' title='bbox 323 2195 408 2244; x_wconf 86' lang='lat' dir='ltr'><strong>rum</strong></span> <span class='ocrx_word' id='word_1_98' title='bbox 436 2197 645 2272; x_wconf 91' lang='lat' dir='ltr'><strong>pugnarum</strong></span> <span class='ocrx_word' id='word_1_99' title='bbox 673 2169 964 2254; x_wconf 80' lang='lat' dir='ltr'><strong>exercitatione,</strong></span> <span class='ocrx_word' id='word_1_100' title='bbox 1001 2175 1114 2242; x_wconf 91' lang='lat' dir='ltr'><strong>utne</strong></span> <span class='ocrx_word' id='word_1_101' title='bbox 1143 2191 1260 2244; x_wconf 94' lang='lat' dir='ltr'><strong>unum</strong></span> <span class='ocrx_word' id='word_1_102' title='bbox 1286 2171 1438 2268; x_wconf 87' lang='lat' dir='ltr'><strong>quidem</strong></span> 
     </span>
    </p>
   </div>
   <div class='ocr_carea' id='block_1_3' title="bbox 208 2285 1440 2387">
    <p class='ocr_par' dir='ltr' id='par_1_4' title="bbox 208 2285 1440 2387">
     <span class='ocr_line' id='line_1_17' title="bbox 208 2285 1440 2387; baseline 0.002 -27"><span class='ocrx_word' id='word_1_103' title='bbox 208 2297 211 2310; x_wconf 93' lang='lat'>&#39;</span> <span class='ocrx_word' id='word_1_104' title='bbox 323 2295 539 2362; x_wconf 92' lang='lat' dir='ltr'><strong>nostrorum</strong></span> <span class='ocrx_word' id='word_1_105' title='bbox 575 2291 742 2387; x_wconf 90' lang='lat' dir='ltr'><strong>inpetum</strong></span> <span class='ocrx_word' id='word_1_106' title='bbox 774 2285 916 2360; x_wconf 82' lang='lat' dir='ltr'><strong>ferrent</strong></span> <span class='ocrx_word' id='word_1_107' title='bbox 947 2309 991 2358; x_wconf 89' lang='lat' dir='ltr'><strong>ac</strong></span> <span class='ocrx_word' id='word_1_108' title='bbox 1023 2287 1152 2362; x_wconf 88' lang='lat' dir='ltr'><strong>statim</strong></span> <span class='ocrx_word' id='word_1_109' title='bbox 1178 2291 1285 2387; x_wconf 86' lang='lat' dir='ltr'><strong>terga</strong></span> <span class='ocrx_word' id='word_1_110' title='bbox 1312 2297 1440 2362; x_wconf 90' lang='lat' dir='ltr'><strong>verte-</strong></span> 
     </span>
    </p>
   </div>
   <div class='ocr_carea' id='block_1_4' title="bbox 214 2402 1478 3901">
    <p class='ocr_par' dir='ltr' id='par_1_5' title="bbox 214 2402 1440 3196">
     <span class='ocr_line' id='line_1_18' title="bbox 321 2402 1438 2503; baseline 0.004 -26"><span class='ocrx_word' id='word_1_111' title='bbox 321 2414 420 2479; x_wconf 83' lang='lat' dir='ltr'><strong>rent.</strong></span> <span class='ocrx_word' id='word_1_112' title='bbox 471 2409 574 2499; x_wconf 86' lang='lat' dir='ltr'><strong>Quos</strong></span> <span class='ocrx_word' id='word_1_113' title='bbox 601 2402 784 2503; x_wconf 86' lang='lat' dir='ltr'><strong>inpeditos</strong></span> <span class='ocrx_word' id='word_1_114' title='bbox 811 2403 964 2503; x_wconf 81' lang='lat' dir='ltr'><strong>integris</strong></span> <span class='ocrx_word' id='word_1_115' title='bbox 990 2403 1130 2477; x_wconf 86' lang='lat' dir='ltr'><strong>viribus</strong></span> <span class='ocrx_word' id='word_1_116' title='bbox 1156 2403 1294 2480; x_wconf 88' lang='lat' dir='ltr'><strong>milites</strong></span> <span class='ocrx_word' id='word_1_117' title='bbox 1321 2409 1438 2482; x_wconf 89' lang='lat' dir='ltr'><strong>nostri</strong></span> 
     </span>
     <span class='ocr_line' id='line_1_19' title="bbox 323 2519 1440 2618; baseline 0.006 -30"><span class='ocrx_word' id='word_1_118' title='bbox 323 2521 537 2607; x_wconf 86' lang='lat' dir='ltr'><strong>consecuti,</strong></span> <span class='ocrx_word' id='word_1_119' title='bbox 555 2541 734 2618; x_wconf 89' lang='lat' dir='ltr'><strong>magnum</strong></span> <span class='ocrx_word' id='word_1_120' title='bbox 756 2540 952 2590; x_wconf 86' lang='lat' dir='ltr'><strong>numerum</strong></span> <span class='ocrx_word' id='word_1_121' title='bbox 974 2541 1104 2592; x_wconf 86' lang='lat' dir='ltr'><strong>eorum</strong></span> <span class='ocrx_word' id='word_1_122' title='bbox 1123 2519 1367 2606; x_wconf 82' lang='lat' dir='ltr'><strong>occiderunt3</strong></span> <span class='ocrx_word' id='word_1_123' title='bbox 1385 2547 1440 2594; x_wconf 90' lang='lat' dir='ltr'><strong>re·</strong></span> 
     </span>
     <span class='ocr_line' id='line_1_20' title="bbox 320 2627 1439 2734; baseline 0.004 -32"><span class='ocrx_word' id='word_1_124' title='bbox 320 2627 442 2728; x_wconf 87' lang='lat' dir='ltr'><strong>liquos</strong></span> <span class='ocrx_word' id='word_1_125' title='bbox 468 2633 612 2732; x_wconf 88' lang='lat' dir='ltr'><strong>equites</strong></span> <span class='ocrx_word' id='word_1_126' title='bbox 638 2633 865 2734; x_wconf 80' lang='lat' dir='ltr'><strong>consectati,</strong></span> <span class='ocrx_word' id='word_1_127' title='bbox 888 2653 1045 2731; x_wconf 90' lang='lat' dir='ltr'><strong>paucos,</strong></span> <span class='ocrx_word' id='word_1_128' title='bbox 1074 2633 1138 2730; x_wconf 90' lang='lat' dir='ltr'><strong>qui</strong></span> <span class='ocrx_word' id='word_1_129' title='bbox 1165 2657 1213 2706; x_wconf 85' lang='lat' dir='ltr'><strong>ex</strong></span> <span class='ocrx_word' id='word_1_130' title='bbox 1238 2633 1326 2734; x_wconf 87' lang='lat' dir='ltr'><strong>luga</strong></span> <span class='ocrx_word' id='word_1_131' title='bbox 1347 2657 1439 2706; x_wconf 85' lang='lat' dir='ltr'><strong>eva-</strong></span> 
     </span>
     <span class='ocr_line' id='line_1_21' title="bbox 321 2749 1437 2848; baseline 0.007 -30"><span class='ocrx_word' id='word_1_132' title='bbox 321 2755 464 2838; x_wconf 87' lang='lat' dir='ltr'><strong>serant,</strong></span> <span class='ocrx_word' id='word_1_133' title='bbox 489 2750 734 2847; x_wconf 88' lang='lat' dir='ltr'><strong>reliquerunt.</strong></span> <span class='ocrx_word' id='word_1_134' title='bbox 786 2749 847 2822; x_wconf 89' lang='lat' dir='ltr'><strong>Sic</strong></span> <span class='ocrx_word' id='word_1_135' title='bbox 875 2772 951 2822; x_wconf 90' lang='lat' dir='ltr'><strong>uuo</strong></span> <span class='ocrx_word' id='word_1_136' title='bbox 977 2757 1145 2848; x_wconf 89' lang='lat' dir='ltr'><strong>tempore</strong></span> <span class='ocrx_word' id='word_1_137' title='bbox 1172 2757 1212 2824; x_wconf 89' lang='lat' dir='ltr'><strong>et</strong></span> <span class='ocrx_word' id='word_1_138' title='bbox 1238 2751 1283 2825; x_wconf 91' lang='lat' dir='ltr'><strong>de</strong></span> <span class='ocrx_word' id='word_1_139' title='bbox 1311 2753 1437 2828; x_wconf 85' lang='lat' dir='ltr'><strong>navali</strong></span> 
     </span>
     <span class='ocr_line' id='line_1_22' title="bbox 319 2864 1440 2964; baseline 0.007 -28"><span class='ocrx_word' id='word_1_140' title='bbox 319 2889 447 2964; x_wconf 87' lang='lat' dir='ltr'><strong>pugna</strong></span> <span class='ocrx_word' id='word_1_141' title='bbox 463 2867 643 2951; x_wconf 87' lang='lat' dir='ltr'><strong>Sabinus,</strong></span> <span class='ocrx_word' id='word_1_142' title='bbox 657 2864 701 2938; x_wconf 90' lang='lat' dir='ltr'><strong>de</strong></span> <span class='ocrx_word' id='word_1_143' title='bbox 719 2865 845 2940; x_wconf 80' lang='lat' dir='ltr'><strong>sabini</strong></span> <span class='ocrx_word' id='word_1_144' title='bbox 873 2867 1034 2940; x_wconf 86' lang='lat' dir='ltr'><strong>victoria</strong></span> <span class='ocrx_word' id='word_1_145' title='bbox 1052 2868 1187 2941; x_wconf 88' lang='lat' dir='ltr'><strong>Caesar</strong></span> <span class='ocrx_word' id='word_1_146' title='bbox 1211 2871 1353 2943; x_wconf 88' lang='lat' dir='ltr'><strong>certior</strong></span> <span class='ocrx_word' id='word_1_147' title='bbox 1381 2872 1440 2944; x_wconf 87' lang='lat' dir='ltr'><strong>fa·</strong></span> 
     </span>
     <span class='ocr_line' id='line_1_23' title="bbox 320 2980 1436 3077; baseline 0.009 -28"><span class='ocrx_word' id='word_1_148' title='bbox 320 2986 427 3068; x_wconf 92' lang='lat' dir='ltr'><strong>ctus,</strong></span> <span class='ocrx_word' id='word_1_149' title='bbox 453 2980 702 3077; x_wconf 86' lang='lat' dir='ltr'><strong>civitatesque</strong></span> <span class='ocrx_word' id='word_1_150' title='bbox 729 3004 858 3054; x_wconf 89' lang='lat' dir='ltr'><strong>omnes</strong></span> <span class='ocrx_word' id='word_1_151' title='bbox 883 3005 922 3054; x_wconf 89' lang='lat' dir='ltr'><strong>se</strong></span> <span class='ocrx_word' id='word_1_152' title='bbox 949 2983 1077 3056; x_wconf 88' lang='lat' dir='ltr'><strong>statim</strong></span> <span class='ocrx_word' id='word_1_153' title='bbox 1105 2985 1252 3057; x_wconf 87' lang='lat' dir='ltr'><strong>Titurio</strong></span> <span class='ocrx_word' id='word_1_154' title='bbox 1280 2983 1436 3058; x_wconf 82' lang='lat' dir='ltr'><strong>dedide-</strong></span> 
     </span>
     <span class='ocr_line' id='line_1_24' title="bbox 214 3083 1439 3196; baseline 0.008 -34"><span class='ocrx_word' id='word_1_155' title='bbox 214 3083 225 3132; x_wconf 78' lang='grc'><strong>·’</strong></span> <span class='ocrx_word' id='word_1_156' title='bbox 317 3099 421 3166; x_wconf 89' lang='lat' dir='ltr'><strong>runt.</strong></span> <span class='ocrx_word' id='word_1_157' title='bbox 460 3096 579 3187; x_wconf 86' lang='lat' dir='ltr'><strong>Nam,</strong></span> <span class='ocrx_word' id='word_1_158' title='bbox 605 3101 649 3170; x_wconf 88' lang='lat' dir='ltr'><strong>ut</strong></span> <span class='ocrx_word' id='word_1_159' title='bbox 667 3094 712 3168; x_wconf 86' lang='lat' dir='ltr'><strong>ad</strong></span> <span class='ocrx_word' id='word_1_160' title='bbox 732 3095 827 3170; x_wconf 91' lang='lat' dir='ltr'><strong>bella</strong></span> <span class='ocrx_word' id='word_1_161' title='bbox 847 3097 1080 3196; x_wconf 86' lang='lat' dir='ltr'><strong>suscipienda</strong></span> <span class='ocrx_word' id='word_1_162' title='bbox 1100 3096 1293 3172; x_wconf 79' lang='lat' dir='ltr'><strong>Gallorum</strong></span> <span class='ocrx_word' id='word_1_163' title='bbox 1312 3099 1439 3172; x_wconf 88' lang='lat' dir='ltr'><strong>alacer</strong></span> 
     </span>
    </p>

    <p class='ocr_par' dir='ltr' id='par_1_6' title="bbox 272 3199 1478 3428">
     <span class='ocr_line' id='line_1_25' title="bbox 272 3199 1478 3314; baseline 0.005 -32"><span class='ocrx_word' id='word_1_164' title='bbox 272 3199 276 3206; x_wconf 47' lang='lat'><strong>¹</strong></span> <span class='ocrx_word' id='word_1_165' title='bbox 318 3235 363 3283; x_wconf 86' lang='lat' dir='ltr'><strong>ac</strong></span> <span class='ocrx_word' id='word_1_166' title='bbox 380 3216 549 3310; x_wconf 86' lang='lat' dir='ltr'><strong>promtus</strong></span> <span class='ocrx_word' id='word_1_167' title='bbox 568 3217 626 3286; x_wconf 91' lang='lat' dir='ltr'><strong>est</strong></span> <span class='ocrx_word' id='word_1_168' title='bbox 643 3213 809 3303; x_wconf 88' lang='lat' dir='ltr'><strong>animus,</strong></span> <span class='ocrx_word' id='word_1_169' title='bbox 826 3213 878 3286; x_wconf 88' lang='lat' dir='ltr'><strong>sic</strong></span> <span class='ocrx_word' id='word_1_170' title='bbox 897 3209 1018 3286; x_wconf 89' lang='lat' dir='ltr'><strong>mollis</strong></span> <span class='ocrx_word' id='word_1_171' title='bbox 1033 3237 1078 3288; x_wconf 88' lang='lat' dir='ltr'><strong>ac</strong></span> <span class='ocrx_word' id='word_1_172' title='bbox 1092 3215 1245 3288; x_wconf 88' lang='lat' dir='ltr'><strong>minime</strong></span> <span class='ocrx_word' id='word_1_173' title='bbox 1259 3217 1437 3290; x_wconf 88' lang='lat' dir='ltr'><strong>resistens</strong></span> <span class='ocrx_word' id='word_1_174' title='bbox 1467 3297 1478 3314; x_wconf 75' lang='lat'><strong>.</strong></span> 
     </span>
     <span class='ocr_line' id='line_1_26' title="bbox 318 3327 1271 3428; baseline 0.004 -26"><span class='ocrx_word' id='word_1_175' title='bbox 318 3327 365 3405; x_wconf 84' lang='lat' dir='ltr'><strong>ad</strong></span> <span class='ocrx_word' id='word_1_176' title='bbox 391 3327 626 3403; x_wconf 83' lang='lat' dir='ltr'><strong>calamitates</strong></span> <span class='ocrx_word' id='word_1_177' title='bbox 651 3327 887 3428; x_wconf 80' lang='lat' dir='ltr'><strong>perferendas</strong></span> <span class='ocrx_word' id='word_1_178' title='bbox 913 3352 1018 3402; x_wconf 86' lang='lat' dir='ltr'><strong>meus</strong></span> <span class='ocrx_word' id='word_1_179' title='bbox 1044 3355 1175 3404; x_wconf 89' lang='lat' dir='ltr'><strong>eorum</strong></span> <span class='ocrx_word' id='word_1_180' title='bbox 1202 3339 1271 3406; x_wconf 88' lang='lat' dir='ltr'><strong>est.</strong></span> 
     </span>
    </p>

    <p class='ocr_par' dir='ltr' id='par_1_7' title="bbox 313 3442 1435 3901">
     <span class='ocr_line' id='line_1_27' title="bbox 368 3442 1435 3542; baseline 0.007 -29"><span class='ocrx_word' id='word_1_181' title='bbox 368 3467 428 3515; x_wconf 84' lang='lat'><strong>20.</strong></span> <span class='ocrx_word' id='word_1_182' title='bbox 466 3442 609 3516; x_wconf 84' lang='lat' dir='ltr'><strong>Eodem</strong></span> <span class='ocrx_word' id='word_1_183' title='bbox 641 3442 718 3516; x_wconf 87' lang='lat' dir='ltr'><strong>fere</strong></span> <span class='ocrx_word' id='word_1_184' title='bbox 750 3451 919 3542; x_wconf 87' lang='lat' dir='ltr'><strong>tempore</strong></span> <span class='ocrx_word' id='word_1_185' title='bbox 957 3445 998 3518; x_wconf 92' lang='lat' dir='ltr'><strong>P.</strong></span> <span class='ocrx_word' id='word_1_186' title='bbox 1024 3445 1204 3533; x_wconf 83' lang='lat' dir='ltr'><strong>Crassus,</strong></span> <span class='ocrx_word' id='word_1_187' title='bbox 1237 3468 1359 3542; x_wconf 85' lang='lat' dir='ltr'><strong>quum</strong></span> <span class='ocrx_word' id='word_1_188' title='bbox 1396 3447 1435 3520; x_wconf 86' lang='lat' dir='ltr'><strong>in</strong></span> 
     </span>
     <span class='ocr_line' id='line_1_28' title="bbox 315 3558 1434 3660; baseline 0.003 -26"><span class='ocrx_word' id='word_1_189' title='bbox 315 3558 557 3658; x_wconf 77' lang='lat' dir='ltr'><strong>Aquitaniam</strong></span> <span class='ocrx_word' id='word_1_190' title='bbox 577 3561 825 3660; x_wconf 86' lang='lat' dir='ltr'><strong>pervenisset,</strong></span> <span class='ocrx_word' id='word_1_191' title='bbox 853 3585 1077 3658; x_wconf 80' lang='lat' dir='ltr'><strong>quaepars,</strong></span> <span class='ocrx_word' id='word_1_192' title='bbox 1104 3567 1149 3634; x_wconf 92' lang='lat' dir='ltr'><strong>ut</strong></span> <span class='ocrx_word' id='word_1_193' title='bbox 1174 3563 1434 3638; x_wconf 88' lang='lat' dir='ltr'><strong>antedictum</strong></span> 
     </span>
     <span class='ocr_line' id='line_1_29' title="bbox 315 3675 1434 3777; baseline 0.004 -29"><span class='ocrx_word' id='word_1_194' title='bbox 315 3685 390 3768; x_wconf 84' lang='lat' dir='ltr'><strong>cst,</strong></span> <span class='ocrx_word' id='word_1_195' title='bbox 409 3684 448 3752; x_wconf 88' lang='lat' dir='ltr'><strong>et</strong></span> <span class='ocrx_word' id='word_1_196' title='bbox 462 3675 861 3777; x_wconf 84' lang='lat' dir='ltr'><strong>regionumlatitudine</strong></span> <span class='ocrx_word' id='word_1_197' title='bbox 872 3677 1160 3752; x_wconf 88' lang='lat' dir='ltr'><strong>etmultitudine</strong></span> <span class='ocrx_word' id='word_1_198' title='bbox 1172 3678 1375 3754; x_wconf 88' lang='lat' dir='ltr'><strong>hominum</strong></span> <span class='ocrx_word' id='word_1_199' title='bbox 1386 3704 1434 3754; x_wconf 85' lang='lat' dir='ltr'><strong>ex</strong></span> 
     </span>
     <span class='ocr_line' id='line_1_30' title="bbox 313 3793 1434 3901; baseline 0.004 -33"><span class='ocrx_word' id='word_1_200' title='bbox 313 3797 427 3870; x_wconf 86' lang='lat' dir='ltr'><strong>tertia</strong></span> <span class='ocrx_word' id='word_1_201' title='bbox 444 3801 549 3894; x_wconf 85' lang='lat' dir='ltr'><strong>parte</strong></span> <span class='ocrx_word' id='word_1_202' title='bbox 565 3793 706 3867; x_wconf 89' lang='lat' dir='ltr'><strong>Galliae</strong></span> <span class='ocrx_word' id='word_1_203' title='bbox 723 3800 780 3868; x_wconf 90' lang='lat' dir='ltr'><strong>est</strong></span> <span class='ocrx_word' id='word_1_204' title='bbox 789 3793 1033 3886; x_wconf 87' lang='lat' dir='ltr'><strong>aestimanda,</strong></span> <span class='ocrx_word' id='word_1_205' title='bbox 1050 3819 1167 3894; x_wconf 90' lang='lat' dir='ltr'><strong>quum</strong></span> <span class='ocrx_word' id='word_1_206' title='bbox 1181 3795 1434 3901; x_wconf 82' lang='lat' dir='ltr'><strong>intellegeret,</strong></span> 
     </span>
    </p>
   </div>
   <div class='ocr_carea' id='block_1_5' title="bbox 293 3991 1432 4464">
    <p class='ocr_par' dir='ltr' id='par_1_8' title="bbox 293 3991 1432 4464">
     <span class='ocr_line' id='line_1_31' title="bbox 346 3991 1432 4066; baseline 0.005 -22"><span class='ocrx_word' id='word_1_207' title='bbox 346 3999 485 4048; x_wconf 75' lang='lat' dir='ltr'><strong>inscientia.</strong></span> <span class='ocrx_word' id='word_1_208' title='bbox 511 3993 557 4047; x_wconf 82' lang='lat' dir='ltr'><strong>sie</strong></span> <span class='ocrx_word' id='word_1_209' title='bbox 580 4001 608 4046; x_wconf 89' lang='lat' dir='ltr'><strong>et</strong></span> <span class='ocrx_word' id='word_1_210' title='bbox 630 3993 657 4044; x_wconf 83' lang='lat' dir='ltr'><strong>lr.</strong></span> <span class='ocrx_word' id='word_1_211' title='bbox 680 3992 698 4044; x_wconf 94' lang='lat' dir='ltr'><strong>l.</strong></span> <span class='ocrx_word' id='word_1_212' title='bbox 736 3991 833 4066; x_wconf 77' lang='lat' dir='ltr'><strong>les-ique</strong></span> <span class='ocrx_word' id='word_1_213' title='bbox 933 4013 1011 4062; x_wconf 72' lang='lat' dir='ltr'><strong>qurum</strong></span> <span class='ocrx_word' id='word_1_214' title='bbox 1032 3999 1060 4046; x_wconf 81' lang='lat' dir='ltr'><strong>r&#39;n</strong></span> <span class='ocrx_word' id='word_1_215' title='bbox 1080 3995 1171 4064; x_wconf 76' lang='lat' dir='ltr'><strong>Aqua.</strong></span> <span class='ocrx_word' id='word_1_216' title='bbox 1192 4001 1360 4066; x_wconf 75' lang='lat' dir='ltr'><strong>pervenisset.</strong></span> <span class='ocrx_word' id='word_1_217' title='bbox 1386 3997 1432 4051; x_wconf 85' lang='lat' dir='ltr'><strong>Cl.</strong></span> 
     </span>
     <span class='ocr_line' id='line_1_32' title="bbox 311 4061 1036 4132; baseline -0.004 -17"><span class='ocrx_word' id='word_1_218' title='bbox 311 4061 386 4115; x_wconf 86' lang='lat' dir='ltr'><strong>codd.</strong></span> <span class='ocrx_word' id='word_1_219' title='bbox 401 4064 466 4132; x_wconf 74' lang='lat' dir='ltr'><strong>Ergo</strong></span> <span class='ocrx_word' id='word_1_220' title='bbox 478 4061 541 4112; x_wconf 78' lang='lat' dir='ltr'><strong>ath.</strong></span> <span class='ocrx_word' id='word_1_221' title='bbox 554 4061 572 4112; x_wconf 90' lang='lat' dir='ltr'><strong>l.</strong></span> <span class='ocrx_word' id='word_1_222' title='bbox 584 4062 668 4113; x_wconf 81' lang='lat' dir='ltr'><strong>critici</strong></span> <span class='ocrx_word' id='word_1_223' title='bbox 681 4077 715 4112; x_wconf 77' lang='lat' dir='ltr'><strong>vu</strong></span> <span class='ocrx_word' id='word_1_224' title='bbox 758 4070 832 4124; x_wconf 84' lang='lat' dir='ltr'><strong>tum,</strong></span> <span class='ocrx_word' id='word_1_225' title='bbox 898 4079 921 4116; x_wconf 84' lang='lat' dir='ltr'><strong>e.</strong></span> <span class='ocrx_word' id='word_1_226' title='bbox 942 4079 980 4114; x_wconf 87' lang='grc' dir='ltr'><strong>ιι.</strong></span> <span class='ocrx_word' id='word_1_227' title='bbox 998 4063 1036 4114; x_wconf 82' lang='grc' dir='ltr'><strong>Μ.</strong></span> 
     </span>
     <span class='ocr_line' id='line_1_33' title="bbox 311 4127 1212 4208; baseline 0.001 -28"><span class='ocrx_word' id='word_1_228' title='bbox 311 4133 430 4188; x_wconf 75' lang='lat' dir='ltr'><strong>irrreitr&#39;a,</strong></span> <span class='ocrx_word' id='word_1_229' title='bbox 458 4129 612 4182; x_wconf 82' lang='lat' dir='ltr'><strong>reiecerunt.</strong></span> <span class='ocrx_word' id='word_1_230' title='bbox 639 4127 693 4179; x_wconf 78' lang='lat' dir='ltr'><strong>vid.</strong></span> <span class='ocrx_word' id='word_1_231' title='bbox 720 4147 778 4199; x_wconf 81' lang='lat' dir='ltr'><strong>esp.</strong></span> <span class='ocrx_word' id='word_1_232' title='bbox 807 4147 831 4194; x_wconf 72' lang='lat'><strong>9.</strong></span> <span class='ocrx_word' id='word_1_233' title='bbox 933 4167 993 4206; x_wconf 65' lang='lat' dir='ltr'><strong>am</strong></span> <span class='ocrx_word' id='word_1_234' title='bbox 1010 4155 1054 4208; x_wconf 52' lang='lat' dir='ltr'><strong>vid</strong></span> <span class='ocrx_word' id='word_1_235' title='bbox 1084 4171 1094 4205; x_wconf 48' lang='grc' dir='ltr'><strong>π</strong></span> <span class='ocrx_word' id='word_1_236' title='bbox 1138 4171 1147 4206; x_wconf 66' lang='lat'><strong>¹</strong></span> <span class='ocrx_word' id='word_1_237' title='bbox 1177 4153 1212 4205; x_wconf 70' lang='grc' dir='ltr'><em>Μ</em></span> 
     </span>
     <span class='ocr_line' id='line_1_34' title="bbox 293 4191 1216 4248; baseline 0.002 -4"><span class='ocrx_word' id='word_1_238' title='bbox 293 4199 432 4248; x_wconf 77' lang='lat' dir='ltr'><strong>&#39;Ceterum</strong></span> <span class='ocrx_word' id='word_1_239' title='bbox 460 4195 530 4248; x_wconf 83' lang='lat' dir='ltr'><strong>hunc</strong></span> <span class='ocrx_word' id='word_1_240' title='bbox 557 4195 755 4248; x_wconf 80' lang='lat' dir='ltr'><strong>dimicationem</strong></span> <span class='ocrx_word' id='word_1_241' title='bbox 779 4195 832 4248; x_wconf 90' lang='lat' dir='ltr'><strong>Dio</strong></span> <span class='ocrx_word' id='word_1_242' title='bbox 1057 4193 1062 4205; x_wconf 92' lang='lat'>&#39;</span> <span class='ocrx_word' id='word_1_243' title='bbox 1105 4192 1114 4214; x_wconf 87' lang='lat'><em>&#39;</em></span> <span class='ocrx_word' id='word_1_244' title='bbox 1152 4192 1158 4206; x_wconf 89' lang='lat'>&#39;</span> <span class='ocrx_word' id='word_1_245' title='bbox 1208 4191 1216 4205; x_wconf 84' lang='lat'><em>⁰</em></span> 
     </span>
     <span class='ocr_line' id='line_1_35' title="bbox 310 4261 1431 4331; baseline 0 -17"><span class='ocrx_word' id='word_1_246' title='bbox 310 4263 383 4320; x_wconf 82' lang='lat' dir='ltr'><strong>Cass.</strong></span> <span class='ocrx_word' id='word_1_247' title='bbox 402 4261 454 4328; x_wconf 80' lang='lat'><strong>39,</strong></span> <span class='ocrx_word' id='word_1_248' title='bbox 473 4270 512 4326; x_wconf 75' lang='grc'><strong>45.</strong></span> <span class='ocrx_word' id='word_1_249' title='bbox 531 4261 663 4315; x_wconf 82' lang='lat' dir='ltr'><strong>describit.</strong></span> <span class='ocrx_word' id='word_1_250' title='bbox 681 4263 723 4312; x_wconf 89' lang='lat' dir='ltr'><strong>M.</strong></span> <span class='ocrx_word' id='word_1_251' title='bbox 932 4281 965 4314; x_wconf 80' lang='lat' dir='ltr'><strong>ex</strong></span> <span class='ocrx_word' id='word_1_252' title='bbox 982 4275 1041 4314; x_wconf 78' lang='lat' dir='ltr'><strong>tert.</strong></span> <span class='ocrx_word' id='word_1_253' title='bbox 1056 4279 1082 4330; x_wconf 82' lang='lat' dir='ltr'><strong>p.</strong></span> <span class='ocrx_word' id='word_1_254' title='bbox 1106 4263 1139 4314; x_wconf 84' lang='lat' dir='ltr'><strong>G.</strong></span> <span class='ocrx_word' id='word_1_255' title='bbox 1156 4274 1195 4313; x_wconf 80' lang='lat' dir='ltr'><strong>est</strong></span> <span class='ocrx_word' id='word_1_256' title='bbox 1205 4273 1268 4312; x_wconf 82' lang='lat' dir='ltr'><strong>aest.</strong></span> <span class='ocrx_word' id='word_1_257' title='bbox 1286 4279 1336 4331; x_wconf 85' lang='lat' dir='ltr'><strong>pro</strong></span> <span class='ocrx_word' id='word_1_258' title='bbox 1351 4263 1431 4316; x_wconf 83' lang='lat' dir='ltr'><strong>tertia</strong></span> 
     </span>
     <span class='ocr_line' id='line_1_36' title="bbox 344 4327 1431 4451; baseline 0.004 -71"><span class='ocrx_word' id='word_1_259' title='bbox 344 4349 375 4380; x_wconf 84' lang='lat' dir='ltr'><strong>ne</strong></span> <span class='ocrx_word' id='word_1_260' title='bbox 397 4348 473 4380; x_wconf 80' lang='lat' dir='ltr'><strong>eruum</strong></span> <span class='ocrx_word' id='word_1_261' title='bbox 496 4331 605 4396; x_wconf 66' lang='lat' dir='ltr'><strong>qualem.</strong></span> <span class='ocrx_word' id='word_1_262' title='bbox 629 4329 672 4381; x_wconf 82' lang='lat' dir='ltr'><strong>Sic</strong></span> <span class='ocrx_word' id='word_1_263' title='bbox 695 4339 723 4378; x_wconf 84' lang='lat' dir='ltr'><strong>et</strong></span> <span class='ocrx_word' id='word_1_264' title='bbox 741 4329 832 4382; x_wconf 81' lang='lat' dir='ltr'><strong>Livius</strong></span> <span class='ocrx_word' id='word_1_265' title='bbox 899 4349 926 4451; x_wconf 71' lang='lat' dir='ltr'><strong>p.</strong></span> <span class='ocrx_word' id='word_1_266' title='bbox 946 4330 980 4382; x_wconf 90' lang='lat' dir='ltr'><strong>G.</strong></span> <span class='ocrx_word' id='word_1_267' title='bbox 1000 4329 1121 4382; x_wconf 80' lang='lat' dir='ltr'><strong>lrabende</strong></span> <span class='ocrx_word' id='word_1_268' title='bbox 1138 4337 1186 4382; x_wconf 78' lang='lat' dir='ltr'><strong>ent.</strong></span> <span class='ocrx_word' id='word_1_269' title='bbox 1203 4329 1241 4380; x_wconf 87' lang='grc' dir='ltr'><strong>Μ.</strong></span> <span class='ocrx_word' id='word_1_270' title='bbox 1260 4327 1346 4383; x_wconf 86' lang='lat' dir='ltr'><strong>Codd.</strong></span> <span class='ocrx_word' id='word_1_271' title='bbox 1367 4332 1431 4403; x_wconf 84' lang='lat' dir='ltr'><strong>qui-</strong></span> 
     </span>
     <span class='ocr_line' id='line_1_37' title="bbox 310 4397 1245 4464; baseline -0.004 -11"><span class='ocrx_word' id='word_1_272' title='bbox 310 4397 363 4464; x_wconf 65' lang='grc' dir='ltr'><strong>αὖ,</strong></span> <span class='ocrx_word' id='word_1_273' title='bbox 382 4407 423 4464; x_wconf 76' lang='lat'><strong>4².</strong></span> <span class='ocrx_word' id='word_1_274' title='bbox 440 4399 523 4450; x_wconf 75' lang='lat' dir='ltr'><strong>&#39;l&#39;acio</strong></span> <span class='ocrx_word' id='word_1_275' title='bbox 541 4402 594 4450; x_wconf 78' lang='lat' dir='ltr'><strong>An.</strong></span> <span class='ocrx_word' id='word_1_276' title='bbox 616 4417 622 4450; x_wconf 90' lang='grc' dir='ltr'>ι</span> <span class='ocrx_word' id='word_1_277' title='bbox 637 4433 645 4458; x_wconf 85' lang='grc'><em>,</em></span> <span class='ocrx_word' id='word_1_278' title='bbox 664 4401 704 4448; x_wconf 75' lang='lat'><strong>51.</strong></span> <span class='ocrx_word' id='word_1_279' title='bbox 918 4416 962 4450; x_wconf 76' lang='lat' dir='ltr'><strong>an</strong></span> <span class='ocrx_word' id='word_1_280' title='bbox 980 4399 1079 4451; x_wconf 68' lang='lat' dir='ltr'><strong>Gallia.</strong></span> <span class='ocrx_word' id='word_1_281' title='bbox 1098 4411 1152 4453; x_wconf 83' lang='lat' dir='ltr'><strong>nou</strong></span> <span class='ocrx_word' id='word_1_282' title='bbox 1169 4397 1245 4450; x_wconf 72' lang='lat' dir='ltr'><strong>male.</strong></span> 
     </span>
    </p>
   </div>
   <div class='ocr_carea' id='block_1_6' title="bbox 0 0 1524 5264">
    <p class='ocr_par' dir='ltr' id='par_1_9' title="bbox 0 0 1524 5264">
     <span class='ocr_line' id='line_1_38' title="bbox 0 0 1524 5264; baseline 0 7"><span class='ocrx_word' id='word_1_283' title='bbox 0 0 1524 5264; x_wconf 95' lang='lat' dir='ltr'><strong> </strong></span> 
     </span>
    </p>
   </div>
  </div>
 </body>
</html>
