3000 5268
1063 42 1126 195 s,

347 327 427 390 tm
460 333 515 390 vr.
550 329 643 392 cnr.
686 298 856 392 1143.
1047 327 1159 430 '¹99

49 539 199 609 tantum
223 535 392 644 potentia
419 539 718 623 antecesserant,
742 541 786 606 ut
810 555 986 634 magnam
1013 538 1162 630 partem

50 651 238 726 clientium
265 652 312 722 ab
340 651 477 725 Aeduis
504 649 551 722 ad
570 674 607 724 se
631 649 917 724 transducerent
940 647 1162 746 obsidesque

49 769 92 840 ab
118 770 160 840 iis
187 769 395 866 principum
414 765 520 838 'lilios
550 763 763 864 acciperent
789 771 828 838 et
855 764 1004 865 publice
1035 768 1160 840 iurare

49 889 240 986 cogerent,
268 883 358 955 nihil
376 908 414 955 se
433 890 566 956 contra
592 883 784 979 Sequanos
811 879 953 954 consilii
980 881 1160 978 initqpom

49 1005 84 1070 et
108 1005 258 1096 partem·
276 997 436 1070 finitumi
464 997 564 1096 agri,
583 1021 648 1095 per
676 996 753 1068 vim
780 998 1161 1092 occupatam,possi-

47 1111 173 1186 derent
190 1113 404 1212 Galliaeque
420 1115 538 1186 totius
556 1111 810 1212 principatum
829 1110 1054 1182 obtinerent.
1075 1113 1160 1200 Qua

49 1232 262 1304 necessitate
276 1231 460 1304 adductus
475 1228 705 1316 Divitiacus,
718 1226 843 1302 auxilii
860 1225 1008 1324 petendi
1026 1251 1158 1300 caussa

48 1347 200 1420 ltomam
230 1347 277 1418 ad
304 1348 488 1444 Senatum
515 1343 727 1442 profectus,
752 1341 891 1416 inlecta
917 1366 957 1414 re
984 1341 1158 1416 redierat.

49 1462 217 1537 Adventu
244 1464 410 1536 Caesaris
436 1461 536 1534 lacta
563 1463 860 1550 commutatione
887 1483 1032 1548 rorum,
1059 1461 1157 1534 obsi·

49 1575 145 1651 dibus
171 1579 310 1654 Aeduis
336 1577 514 1667 redditis,
530 1577 721 1649 veteribus
746 1575 929 1650 clientelis
954 1579 1155 1670 restitutis,

50 1696 148 1767 novis
173 1697 463 1795 per-Caesarem
507 1693 755 1792 comparatis,
788 1693 889 1792 quod
924 1695 984 1784 bi,
1017 1700 1080 1794 qui
1114 1725 1155 1774 se

51 1807 90 1880 ad
104 1835 229 1884 eorum
244 1811 448 1884 amicitiam
467 1807 784 1909 adgregaverant,
803 1807 954 1880 meliore
972 1811 1156 1884 conditio·

50 1935 96 1992 ne‘
124 1928 237 2021 atque
262 1925 437 2022 aequiore
471 1923 627 2022 imperio
661 1947 700 1995 se
743 1923 800 1996 uti
838 1921 1035 2008 videbant,
1072 1926 1165 1999 reli-0

53 2039 122 2132 quis
145 2042 273 2143 ,rebus
315 2065 472 2127 eorum,
513 2039 659 2138 gratia,
693 2038 873 2138 dignitate
902 2039 1155 2138 amplificata,
1192 2061 1195 2068 ·

51 2157 194 2255 Sequani
222 2160 476 2260 principatum
502 2155 733 2228 dimiserant.
797 2155 840 2225 ln
865 2179 998 2228 eorum
1024 2156 1153 2234 locum

50 2269 143 2346 llemi
169 2278 444 2357 successerant,
462 2295 556 2368 quos
575 2269 675 2367 quod
701 2265 910 2365 adaequare
936 2269 1037 2368 apud
1060 2273 1153 2345 Cae-

50 2407 155 2458 sarem
179 2387 304 2490 gratia
328 2385 635 2487 intellegebatur,
660 2383 707 2472 ii,
734 2384 797 2480 qui
825 2389 978 2482 propter
1005 2391 1152 2462 veteres

49 2498 247 2578 inimicitias
265 2497 372 2576 nullo
384 2501 497 2574 modo
513 2526 598 2574 cum
615 2499 752 2573 Aeduis
771 2501 944 2602 coniungi
962 2509 1155 2600 poterant,

50 2637 82 2684 re
104 2617 225 2692 Remis
252 2619 290 2690 in
316 2615 528 2691 clientelam
557 2615 744 2688 dicabant.
769 2615 848 2712 Hes
875 2613 926 2688 illi
952 2613 1152 2716 diligenter

50 2729 248 2808 tuebantur.
279 2733 338 2806 lta
363 2737 403 2804 et
430 2755 570 2805 novam
596 2738 635 2804 et
660 2722 1050 2828 repente'conlectam
1077 2757 1151 2804 au·

50 2849 245 2923 ctoritatem
262 2847 452 2925 tenebant.
481 2849 537 2920 Eo
557 2855 640 2918 turn
658 2851 758 2917 statu
777 2869 836 2917 res
855 2850 957 2935 erat,
976 2853 1019 2919 ut
1036 2847 1148 2947 longe

49 2960 212 3060 principes
239 2963 467 3036 haberentur
493 2960 634 3054 Aedui,
652 2959 859 3033 secundum
883 2957 1012 3033 locum
1029 2961 1150 3062 digni-

49 3077 122 3149 tatis
145 3079 251 3152 Remi
279 3079 502 3152 obtinerent.
1089 3073 1093 3084 ’

93 3195 141 3265 13.
178 3193 223 3266 In
261 3199 359 3268 omni
388 3191 505 3264 Gallio
536 3215 657 3266 eorum
688 3191 899 3282 bominum,
930 3197 995 3292 qui
1024 3197 1144 3294 aliqua

48 3320 116 3375 sunt
147 3333 292 3387 numero
326 3322 431 3406 utque
465 3306 624 3398 honore,
648 3331 785 3406 genera
814 3321 899 3379 sunt
929 3308 1026 3378 duo:
1058 3336 1146 3379 raom

45 3421 142 3510 pletas
162 3449 275 3524 paene
299 3449 481 3500 servorum
506 3423 655 3498 babetur
679 3425 776 3514 loco,
802 3447 892 3522 quoe
913 3447 980 3520 per
994 3447 1034 3497 se
1048 3423 1147 3496 artat

1087 3535 1094 3558 Ι

71 3763 153 3837 ¹'3¹⁴⁶‘ss
169 3786 205 3823 Ν·
222 3769 258 3824 ⁹]-
273 3770 413 3844 inpttfleta
429 3787 468 3823 Ν·
615 3787 695 3842 aequa
711 3789 738 3824 ec
755 3770 861 3824 Aeduos
878 3772 907 3824 in
925 3772 1008 3841 gratie
1022 3787 1088 3824 csse.
1099 3768 1139 3825 U·

614 3851 648 3906 nl.
666 3855 815 3922 adaequari.

66 3913 131 3982 ficta
154 3925 347 3972 commuratione
373 3937 458 3972 rarum
469 3957 478 3981 ,
501 3937 548 3990 per

47 3987 214 4058 vetorinmb
226 4001 360 4053 Ariovisto
371 3998 546 4072 deportatam,
647 3992 674 4039 in
690 3988 773 4039 client.
789 3988 913 4039 dicabant.
941 3985 975 4040 al.
997 3987 1137 4044 mmmm,

47 4084 100 4134 prae
127 4075 191 4132 libro
218 4083 305 4155 primo
338 4081 469 4152 descripta
497 4092 545 4134 est,
615 4068 685 4144 quod
711 4067 833 4122 Clarlu'us
858 4066 961 4138 probat.
979 4141 982 4146 Ι
998 4067 1099 4122 Ursino
1120 4083 1138 4119 ι

47 4143 110 4202 Cant.
120 4157 272 4212 nominatim
286 4177 314 4222 ι,
326 4159 367 4214 35,
379 4162 422 4214 M,
440 4161 476 4214 Et
490 4180 544 4234 ως,
613 4147 670 4204 eorl.
689 4168 735 4202 suo
755 4148 838 4218 placet
853 4150 980 4201 dicarant·

71 4283 209 4356 adaequare,
225 4293 438 4364 [nuplqgehapm'
449 4295 545 4350 Remo·
646 4273 733 4342 aliquo
751 4282 808 4322 sunt
826 4288 893 4321 ntem.
911 4267 944 4324 el.
962 4273 989 4320 in
1005 4259 1103 4336 arpa.

45 4357 170 4434 {deequm
197 4375 302 4430 Aeduos
328 4379 426 4448 gratb,
450 4376 545 4434 namo·
641 4379 735 4453 plebes.
752 4377 797 4432 sie
814 4376 881 4432 benc
901 4377 977 4433 codd.
994 4386 1024 4431 ut
1040 4375 1084 4430 Al.
1100 4379 1135 4430 5..

536 4619 545 4660 ,
631 4627 633 4635 ,
