3032 5266
742 391 798 452 DE
832 387 967 452 RELEO
1000 387 1128 452 Cll'lLl

373 594 443 692 piis
469 589 516 666 ad
542 589 737 666 Afranium
765 591 1042 690 proficiscatur;
1062 593 1181 666 Varro
1199 615 1285 666 com
1301 589 1360 676 iis,
1374 614 1451 687 quas

374 707 560 796 habebat,
586 705 791 803 legionibus
822 731 973 780 omnem
1014 707 1226 780 ulteriorem
1264 707 1451 802 Hispaniam

374 827 537 895 tueatur.
587 821 654 894 llis
692 823 802 894 rebus
835 823 1076 908 constitutis,
1103 821 1245 918 equites
1271 817 1452 912 auxiliaque

373 939 446 1012 tuti
473 937 684 1010 Lusitaniae
711 963 733 1008 a
757 939 931 1024 Petrei03
957 936 1169 1024 Celtiberis,
1187 935 1377 1009 Cantabris
1392 935 1456 1006 bar·

344 1049 546 1148 .barisque
572 1051 766 1140 omnibus,
790 1053 854 1149 qui
886 1051 932 1124 ad
960 1053 1155 1126 Oceanum
1184 1051 1395 1152 pertinent,
1420 1043 1455 1114 ab

374 1167 528 1240 Afranio
555 1169 796 1266 imperantur.
849 1169 992 1261 Quibus
1019 1169 1182 1256 coactis,
1215 1167 1379 1240 celeriter
1407 1164 1457 1236 Pe·

374 1285 490 1356 treius
517 1309 581 1382 per
606 1287 787 1358 Vettones
814 1283 859 1356 ad
886 1284 1081 1358 Afranium
1108 1283 1293 1382 pervenit.
1332 1281 1458 1355 Consti·

372 1401 490 1468 tuunt
516 1398 706 1470 communi
726 1398 897 1488 consilio,
914 1397 1052 1472 bellurn
1069 1397 1117 1470 ad
1135 1395 1316 1486 Ilerdam,
1331 1401 1459 1494 propter

374 1511 487 1611 ipsius
513 1511 585 1586 loci
612 1515 953 1614 obportunitatem,
980 1535 1119 1614 gerere.

426 1631 486 1725 39.
512 1630 655 1717 Erant,
683 1637 863 1728 utsupra
890 1627 1187 1704 demonstratum
1213 1637 1297 1720 est,
1322 1629 1459 1728 legiones

374 1739 516 1814 Afranii
544 1747 645 1830 tres,
671 1745 803 1816 Petreii
831 1743 947 1833 duae,
973 1751 1163 1844 praeterea
1188 1750 1359 1818 scutatae
1389 1741 1458 1814 cite

375 1857 483 1929 rioris
509 1857 720 1955 provinciae
747 1863 786 1930 et
811 1865 976 1934 cetratae
1005 1859 1188 1936 ulterioris
1205 1861 1398 1960 Hispaniae
1413 1881 1458 1930 co

374 1971 500 2046 hortea
526 1974 674 2046 circiter
699 1974 917 2073 octoginta,
957 1976 1126 2072 equitum
1170 1979 1362 2075 utriusque
1396 1997 1458 2074 pro

376 2087 522 2160 vinciae
548 2089 697 2161 circiter
723 2089 886 2186 quinque
911 2087 1024 2162 milia.
1075 2089 1209 2164 Caesar
1247 2090 1405 2191 legiones
1431 2085 1457 2158 in

376 2201 595 2298 Hispaniam
619 2203 885 2301 praemiserat,
912 2201 959 2276 ad
984 2227 1050 2276 sex
1074 2201 1175 2278 milia
1207 2204 1348 2278 auxilia
1378 2197 1457 2302 pedi·

375 2320 480 2400 tum,
508 2319 677 2414 equitum
695 2318 768 2390 tria
788 2315 911 2407 milia,
932 2341 1028 2416 quae
1043 2317 1215 2392 omnibus
1232 2313 1458 2415 superioribus

375 2433 481 2508 bellis
506 2434 710 2526 habuerat,
729 2443 768 2512 et
785 2459 913 2535 parem
931 2461 977 2510 ex
995 2435 1116 2510 Gallia
1134 2459 1356 2522 numerum,
1371 2451 1458 2529 quen

376 2547 454 2643 ipse
480 2556 701 2644 paraverat,
728 2551 948 2622 nominatim
983 2573 1030 2622 ex
1055 2547 1246 2644 omnibus
1268 2543 1458 2623 civitatibus

377 2664 605 2738 nobilissimo
631 2673 671 2740 et
697 2666 898 2741 fortissimo
924 2687 1073 2764 quoque
1100 2671 1274 2750 evocato.
1301 2664 1393 2740 Hinc
1410 2681 1460 2752 op·

378 2781 463 2864 timi
488 2782 631 2878 generis
656 2780 851 2854 hominum
884 2805 932 2854 ex
957 2781 1155 2878 Aquitanis
1192 2781 1458 2872 montanisque.

379 2896 442 2991 qui
473 2893 632 2968 Galliam
660 2895 891 2990 provinciam
918 2895 1131 2994 adtingunt.
1154 2895 1461 2984 Audierat,Pom·

378 3009 502 3107 peium
528 3031 594 3106 per
619 3009 885 3084 Mauritaniam
914 3033 1003 3083 curn
1028 3007 1234 3110 legionibus
1259 3011 1333 3086 iter
1349 3013 1384 3115 iu
1400 3005 1461 3078 Hie

383 3329 393 3350 ⁰
412 3327 522 3381 sartula&
546 3335 572 3380 et
596 3341 709 3380 cetrum
734 3329 842 3380 refertur
865 3325 899 3380 ud

376 3395 503 3450 arbones.
520 3395 628 3448 Monuit
645 3395 832 3464 Glandorpins.
856 3395 898 3447 Cf.

380 3483 401 3514 c.
421 3468 460 3512 55.
478 3463 513 3513 M.
532 3463 599 3516 Scul-
617 3463 683 3513 male
699 3467 790 3514 swrarr'
806 3463 899 3514 invitis

379 3527 454 3582 codd.
473 3537 499 3582 ct
516 3529 573 3582 edd.
591 3539 657 3582 vett.

414 3621 512 3674 Caerur
527 3621 646 3689 legiones.
690 3619 805 3673 luriuins
822 3617 900 3672 addit

379 3685 425 3740 IV.
443 3695 474 3738 ut
489 3705 511 3738 c.
527 3686 568 3752 37.

411 3799 476 3849 quaa
493 3779 614 3830 οπιιιὶὖιιε.
648 3781 703 3832 Hoc
720 3781 793 3848 Quae
810 3779 899 3834 deesse

377 3847 407 3898 in
423 3847 498 3900 codd.
515 3856 542 3898 et
559 3845 619 3900 edd.
632 3855 814 3898 rettiestatur
827 3847 901 3900 oud.

378 3915 474 3965 Verum
492 3915 520 3963 in
537 3912 644 3964 Mediol.
662 3917 732 3978 ¹478.
745 3914 811 3966 Vcn.
828 3917 899 3978 1482.

378 3989 475 4049 etseq.
493 3979 597 4043 legitur.

412 4078 486 4128 quem
503 4065 556 4128 ipre
570 4073 720 4128 paraverat.
750 4059 805 4113 Alii
839 4077 898 4109 unm

379 4131 430 4194 ipse
445 4139 588 4193 pacaverat.
630 4127 712 4207 Quasi
728 4141 789 4180 raro
806 4077 900 4178 gaasar

333 4209 337 4218 ·
380 4211 482 4246 neccsse
505 4193 602 4248 babeat
622 4195 722 4260 dicare,
740 4213 766 4246 se
784 4193 899 4248 Gelliam

379 4277 493 4328 pacasse.

413 4337 488 4387 Hine.
506 4337 590 4391 Verba
607 4337 635 4390 lr.
653 4339 671 4391 l.
691 4339 811 4392 mutilata
831 4357 899 4400 esse,

378 4401 501 4472 adparat.
512 4413 540 4460 st
552 4423 676 4462 monuere
688 4408 773 4462 multi.
792 4408 830 4458 M.
848 4405 901 4458 Da·

964 3325 1012 3382 ris.
1024 3327 1172 3446 Ξυερῇςαῑυτ
1185 3320 1194 3380 l
1225 3325 1459 3448 ‘ffu'ifdiffl

962 3405 1460 3534 ramam

965 3527 1079 3578 lrorrrr'ucs
1086 3565 1093 3588 ,
1123 3527 1174 3580 uod
1186 3527 1280 3598 probat
1291 3526 1361 3580 Ond.
1372 3543 1406 3577 aar
1416 3533 1460 3592 roro

965 3593 1072 3646 Clanio
1089 3547 1225 3649 eilridehat
1243 3605 1267 3646 ct
1285 3595 1363 3648 altera
1380 3589 1460 3644 Danu

964 3663 1110 3712 coniectura
1124 3667 1212 3740 optimi
1226 3679 1282 3733 gea.
1301 3647 1461 3712 autumali-

965 3727 1012 3780 Nil
1031 3738 1117 3779 umen
1135 3747 1163 3780 rn
1182 3738 1254 3780 textu
1268 3737 1367 3780 brumae
1383 3731 1416 3776 est
1429 3737 1461 3792 ot·

965 3815 1021 3855 sris,
1033 3795 1094 3864 qnia
1113 3795 1156 3848 slei
1173 3809 1243 3852 aerari
1254 3793 1385 3847 subaudiri
1398 3791 1461 3860 posu!

952 3863 1106 3961 ‹sur-rasura
1127 3881 1227 3931 quoque
1247 3867 1337 3932 optimi
1357 3875 1408 3929 geo·
1428 3851 1461 3900 l*

965 3946 1060 3978 aunum
1075 3942 1185 3980 ενοωιο.

999 4007 1134 4058 Audierat.
1186 4005 1246 4059 nno
1263 4005 1338 4059 codd.
1355 4005 1460 4072 meantes:

963 4071 1461 4206 ttigltl‡„t“tit‘f‘·„,¹tltttl}

966 4205 1065 4274 aliquid
1082 4205 1156 4258 desta
1182 4207 1218 4256 Μ.
1243 4205 1347 4259 Habent
1370 4209 1394 4253 cl
1414 4191 1459 4247 obl

966 4273 986 4322 F
989 4272 1080 4324 lorent.
1094 4281 1120 4324 et
1131 4271 1258 4325 Beroaldi.
1270 4275 1391 4326 Gruterus
1401 4265 1460 4333 putu

965 4339 1032 4390 olim
1050 4337 1280 4393 adfuissemus.
1322 4335 1411 4392 Probat
1424 4327 1460 4380 h*

967 4403 1109 4459 renuatur.
