2986 5268
707 367 762 426 DE
797 365 933 426 BELLO
970 365 1090 436 GALL.

338 571 420 662 illi,
446 569 547 668 quod
574 569 776 642 amicitiam
805 572 1063 648 Romanorum
1081 567 1354 666 sequebantur:
1374 573 1455 645 Tre·

339 687 436 776 viri,
470 686 569 784 quod
601 687 757 760 aberant
783 684 929 784 longius
957 691 995 756 et
1023 685 1069 756 ab
1098 683 1294 758 Germanis
1313 711 1457 784 preme-

337 801 477 896 bantur
485 829 497 888 ;
525 819 619 896 quae
638 800 710 878 fuit
737 823 893 887 caussa,
923 823 1038 896 quare
1059 804 1142 872 toto
1169 801 1343 874 abessent
1363 801 1456 874 bello

338 925 377 992 et
415 920 556 992 neutris
578 917 714 992 auxilia
742 918 949 991 mitterent.
978 917 1115 1016 Magno
1127 916 1253 992 dolore
1268 919 1388 992 Aedui
1406 921 1423 992 f
1440 963 1457 976 -

337 1043 453 1126 runt,
488 1061 528 1109 se
560 1035 723 1108 deiectos
766 1033 1004 1130 principatu;
1046 1043 1256 1130 queruntur
1286 1037 1457 1109 fortunae

338 1133 679 1226 commutationem
711 1154 749 1222 et
772 1145 943 1220 Caesaris
972 1147 1009 1218 in
1039 1172 1077 1218 se
1105 1148 1376 1250 indulgentiam
1408 1177 1458 1222 re

339 1267 521 1363 quirunt;
555 1287 673 1370 oeque
705 1271 832 1336 tamen
855 1269 1028 1362 suscepto
1061 1261 1183 1354 bello,
1223 1289 1335 1338 suum
1374 1293 1458 1340 con·

338 1381 461 1454 silium
492 1381 539 1454 ab
564 1379 714 1476 reliquis
750 1401 919 1474 separare
947 1377 1097 1450 audent
1124 1379 1259 1468 luviti,
1291 1405 1457 1454 summae

339 1497 416 1594 spei
453 1494 733 1580 adolescentes,
760 1491 981 1592 Eporedirix
1010 1498 1048 1567 et
1079 1491 1339 1584 Virdumarus,
1372 1497 1457 1568 Ver-

342 1611 563 1711 cingetorigi
603 1613 747 1706 parent.

391 1728 451 1816 64,
479 1725 544 1798 llle
571 1725 731 1822 imperat
757 1721 907 1820 reliquis
948 1722 1165 1797 civitatibus
1196 1722 1365 1796 obsides:
1396 1724 1456 1796 de-

253 1877 257 1886 ·
340 1844 451 1938 nique
486 1844 519 1914 ei
562 1843 614 1914 rei
648 1841 843 1914 constituit
875 1840 998 1912 diem:
1026 1841 1099 1912 huc
1129 1867 1257 1912 omnes
1288 1845 1455 1939 equites,

339 1964 409 2034 XV
425 1959 525 2032 milia
542 1982 716 2046 numero,
729 1956 898 2030 celeriter
916 1959 1116 2030 convenire
1137 1959 1260 2034 iubet:
1277 1961 1454 2058 peditatu,

340 2099 455 2173 quem
486 2081 572 2146 aute
597 2073 797 2162 habuerit,
828 2097 865 2144 se
889 2072 965 2144 fore
993 2079 1214 2146 contentum
1244 2073 1361 2163 dicit,
1393 2101 1453 2148 ne-

266 2249 270 2254 .
340 2213 412 2286 que
442 2189 632 2262 fortunam
651 2193 886 2262 tentaturum
903 2239 914 2274 ,
932 2189 1050 2260 autin
1069 2187 1147 2258 acie
1166 2187 1452 2276 dimicaturum

340 2304 403 2377 sed
423 2306 598 2401 quoniam
627 2303 792 2376 abundet
818 2301 1008 2398 equitatu,
1039 2300 1211 2399 perfacile
1234 2325 1311 2372 esse
1331 2303 1453 2390 factu,

340 2421 693 2495 frumentationibus
716 2417 1089 2517 pabulationibusque
1120 2417 1311 2492 Romanos
1332 2422 1452 2522 probi-

270 2576 271 2580 =
341 2535 455 2610 bere:
482 2559 602 2632 aequo
635 2533 748 2606 modo
780 2533 905 2606 anima
930 2556 997 2603 sua
1028 2533 1093 2630 ipsi
1141 2531 1331 2608 frumenta
1378 2559 1452 2606 eor-

341 2657 521 2747 rumpant
546 2649 785 2746 aedificiaque
818 2647 1048 2736 incendant,
1075 2656 1149 2743 quta
1179 2648 1233 2720 rei
1266 2645 1452 2720 familiaris

344 2767 490 2838 iactura
512 2770 733 2864 perpetuum
748 2765 947 2861 imperium
965 2763 1252 2860 libertatemque
1274 2789 1312 2838 se
1331 2791 1452 2838 conse·

345 2883 407 2980 qui
430 2881 592 2955 videant.
619 2879 686 2960 llis
714 2881 928 2954 constitutis
954 2881 1092 2972 rebus,
1120 2883 1258 2958 Aeduis
1285 2885 1452 2984 Segusia-

346 3002 502 3100 uisque,
527 3001 588 3100 qui
620 3005 708 3074 sunt
736 2999 897 3076 finitumi
916 2999 1160 3086 Provinciae,
1179 3001 1214 3076 X
1241 3000 1341 3074 milia
1363 3003 1453 3100 pedi·

344 3124 427 3189 lirin
457 3117 641 3214 imperat:
665 3113 739 3186 huc
768 3113 871 3186 addit
893 3114 1036 3211 equites
1066 3113 1205 3188 DCCC.
1232 3115 1299 3188 llis
1332 3118 1453 3213 praeli-

345 3233 398 3302 cit
425 3230 577 3312 fratrem
603 3228 852 3328 Eporedirigis
867 3229 1078 3324 bellumque
1093 3229 1227 3300 inferre
1249 3227 1454 3327 Allobrogi-

344 3349 414 3428 bus
440 3349 557 3428 iubet,
572 3347 699 3422 Altera
718 3351 882 3443 exparte
897 3345 1058 3418 Gabalos
1075 3347 1337 3443 proximosque
1347 3373 1452 3446 pagos

345 3467 603 3538 Aruernorum
629 3465 667 3536 in
697 3461 872 3550 Helvios,
898 3463 988 3540 item
1008 3463 1175 3534 Rutenos
1197 3461 1452 3560 Cadurcosque

346 3579 392 3652 ad
416 3579 505 3652 fines
523 3577 725 3652 Volcarum
750 3577 1056 3650 Arecomicorum
1079 3575 1359 3675 depopulandos
1378 3581 1453 3652 mit·

345 3693 408 3770 tit.
434 3693 559 3769 Nihilo
582 3694 704 3766 minus
722 3689 957 3770 clandestinis
977 3691 1122 3764 nunciis
1139 3691 1452 3791 legationibusque

379 3905 527 3970 requirunt,
556 3899 725 3961 desiderarat,
748 3901 872 3954 amissam
972 3919 998 3954 se
1015 3906 1140 3970 consequi.
1159 3901 1190 3953 ln
1207 3901 1267 3956 aliis
1284 3921 1311 3952 se
1327 3901 1407 3954 abest.

346 3969 476 4048 upuun.
494 3967 623 4025 Gletes·
641 3968 685 4022 δίο
702 3976 730 4020 ⁸⁸
746 3967 803 4021 Cis·
823 3987 874 4038 pro,
970 3985 1039 4053 fisa.
1065 3985 1185 4035 emam.
1214 3987 1354 4036 romanae.
1389 3979 1447 4034 anie

347 4035 406 4087 m·
428 4053 449 4085 ¹·
824 4101 827 4110 ,
938 4042 998 4120 er'go
1014 4051 1159 4112 intruditur
1176 4052 1234 4105 heic
1250 4057 1275 4104 ei
1292 4051 1332 4104 vel
1348 4055 1405 4101 eius.

380 4101 497 4184 deese?-
514 4119 540 4155 v.
558 4100 616 4168 11ιὰ-
638 4101 686 4184 Ma
852 4173 871 4210 ·.
973 4143 1112 4196 romam
1129 4143 1246 4194 naam.
1292 4143 1352 4196 vn.
1374 4140 1403 4192 sa
1426 4141 1449 4194 s.

382 4167 439 4224 XV
450 4163 504 4220 m‘l·
544 4167 709 4244 Ell²¹³8⁸⁵¹³·
758 4169 802 4224 Al·
821 4189 873 4222 'm‘
941 4221 980 4276 ης.
998 4213 1041 4262 Μ.
1059 4211 1090 4261 ln
1108 4209 1149 4262 ed.
1173 4214 1261 4264 Amst.
1285 4208 1450 4277 indelegllssf

347 4235 419 4293 dum.
437 4239 489 4288 bed
501 4253 525 4287 V·
541 4253 566 4302 ¹2
580 4247 620 4305 49·
636 4237 683 4298 ubi
698 4239 793 4293 similis
810 4256 872 4292 con-

348 4303 466 4354 structio,
610 4309 613 4316 ’
940 4299 969 4329 ac
988 4279 1147 4328 llbemorum.

383 4381 428 4418 aru
439 4373 466 4418 r'n
477 4373 538 4420 asie.
556 4369 611 4422 Alii
622 4391 703 4443 neque
713 4378 766 4426 acie
782 4391 830 4432 con
835 4382 875 4426 hu
975 4373 1067 4427 Nihilo
1085 4378 1175 4422 minus·
1194 4369 1372 4434 Praemiuttur
1384 4364 1451 4431 tulii*

350 4435 426 4496 tudd-
443 4445 470 4502 et
487 4435 546 4492 edd.
565 4447 626 4503 vett.
941 4441 1001 4507 Hie.
1020 4459 1164 4517 perperam.
