3026 5264
368 409 449 474 mr.
483 408 510 474 r.
544 410 638 473 car.
674 395 852 509 att-27⁶
1073 373 1168 474 385

44 628 125 710 que
152 604 297 686 eminus
323 611 466 703 fundis,
492 612 638 714 sagittis
663 611 887 710 reliquisque
913 602 997 684 telis
1023 633 1172 712 pugna·-
1275 639 1290 654 f

43 731 174 805 batur.
201 733 325 828 Atque
354 731 445 804 baec
471 732 526 803 ita·
542 733 677 828 Caesar
695 727 1003 818 administrabat,
1022 735 1063 799 ut
1082 751 1170 798 con·

45 845 212 916 ditiones
238 847 341 944 pacis
367 843 607 918 dimittendas
635 869 708 916 nou
727 843 973 915 existimaret.
1001 845 1054 914 Ac
1073 847 1172 911 tam·

45 964 122 1033 etsi
158 986 383 1062 magnopere
422 961 704 1052 admirabatur,
743 963 932 1059 Magium,
971 982 1081 1057 quem
1123 953 1170 1028 ad

44 1079 274 1176 Pompeium
302 1103 390 1150 cum
417 1077 602 1153 mandatis
630 1080 807 1160 miserat,
838 1075 895 1146 ad
934 1098 971 1146 se
1006 1099 1081 1145 :ron
1108 1097 1169 1143 re-

44 1196 174 1280 mitri;
202 1203 316 1293 atque
344 1219 387 1266 ea
414 1219 473 1266 res
500 1219 607 1292 saepe
631 1187 879 1293 ,tentatabetsi
903 1191 1051 1288 inpetus
1092 1190 1170 1262 eius

48 1311 279 1408 consiliaque
305 1309 501 1384 tardabat:
530 1317 658 1381 tamen
688 1310 862 1382 omnibus
900 1307 1010 1380 relius
1048 1308 1087 1380 in
1126 1329 1170 1378 eo

47 1425 368 1523 perseverandum
396 1424 571 1522 putabat*
607 1427 736 1522 ltaque
765 1424 963 1495 &amnium
996 1419 1169 1492 Rebilum

47 1539 258 1638 Legatum,
285 1537 506 1611 familiarem
542 1540 863 1634 necessariumque
889 1535 1071 1608 Scribonii
1107 1529 1173 1604 Li-
1204 1584 1211 1594 .

47 1653 181 1744 bonis,
225 1656 346 1727 mittit
372 1655 417 1726 ad
446 1679 531 1726 eum
567 1653 756 1753 conloquii
799 1675 948 1726 caussa:
984 1647 1169 1766 mandat,

52 1777 101 1842 ut
127 1771 308 1844 Libonem
328 1770 373 1844 de
392 1764 621 1844 concilianda
643 1795 733 1867 pace
752 1767 947 1852 hortetur:
963 1768 1002 1854 in
1022 1768 1175 1864 primis,

51 1894 101 1960 ut
120 1890 204 1985 'ipse
230 1911 317 1962 cum
345 1887 522 1984 Pompeio
545 1885 860 1983 cnrrlnqueretur,
879 1884 1068 1984 postulat:
1096 1908 1173 1956 ma-

52 2029 219 2106 gnopere
259 2028 337 2078 sese
372 2002 557 2074 confidere
585 2001 842 2090 demonstrat,
868 2004 896 2073 si
925 2003 1003 2074 eius
1028 2001 1081 2073 rei
1122 2001 1173 2074 sit
1232 2038 1237 2047 ¹

51 2112 228 2217 potestas
250 2117 376 2205 facta,
402 2117 508 2206 fore,
533 2123 578 2189 ut
603 2117 729 2213 aequis
749 2115 1025 2190 conditionibus
1037 2109 1091 2208 *ab
1111 2135 1174 2186 ar·

52 2232 127 2304 mis
153 2229 391 2306 discedatur:
420 2231 525 2304 cuius
568 2231 618 2306 rei
663 2255 837 2328 magnam
878 2235 1024 2326 partem
1052 2226 1171 2299 laudis

54 2354 173 2443 atque
199 2347 483 2420 existimationis
511 2345 557 2418 ad
583 2345 763 2420 Libonem
791 2352 1081 2442 perventuram,
1114 2343 1172 2432 si,

54 2461 123 2534 illo
150 2467 305 2533 auctore
332 2471 445 2558 atque
471 2468 633 2560 agente,
672 2463 719 2534 ab
747 2462 857 2532 armis
884 2459 932 2531 sit
959 2457 1171 2550 discessum.

52 2573 171 2660 Libo,
197 2599 218 2644 a
245 2573 445 2671 conloquio
473 2577 615 2648 Caninii
644 2574 852 2674 digressus,
878 2571 925 2644 ad
951 2569 1171 2666 Pompeium

53 2687 330 2788 proficiscitur:
359 2689 482 2788 paullo
517 2697 601 2789 post
627 2691 845 2777 renunciat,
885 2685 982 2785 quod
1005 2679 1173 2754 Consules

53 2806 196 2896 absint,
221 2811 299 2878 sine
324 2808 396 2878 illis
422 2807 466 2879 de
492 2787 748 2905 compositione
772 2809 840 2902 agi
863 2829 935 2875 non
956 2823 1072 2900 posse.
1116 2799 1176 2872 tta

55 2915 211 3022 saepius*
228 2948 307 2996 rem
335 2923 471 2996 frustra
500 2928 687 2996 tentatam
716 2922 855 2996 Caesar
880 2913 1078 3016 aliquando
1113 2913 1173 2986 di·

56 3037 284 3110 mittendam
309 3036 376 3108 sibi
405 3038 546 3109 iudicat
572 3043 611 3110 et
639 3038 684 3109 de
710 3036 808 3108 bello
835 3033 1034 3132 agendum.

110 3171 171 3241 27.
197 3150 318 3248 Prope
345 3151 497 3224 dimidia
525 3157 630 3250 parte
657 3151 780 3250 operis
807 3145 1001 3222 aCaesare
1020 3139 1180 3236 effecta,

57 3261 262 3361 diebusque
287 3267 326 3336 io
353 3288 394 3337 ea
422 3289 461 3338 re
481 3269 688 3340 consumtis
706 3287 864 3350 novem,
883 3284 1018 3348 naves,
1036 3282 1058 3327 a
1076 3255 1173 3327 Con-

56 3379 199 3453 sulibus
225 3381 459 3475 Dyrrhachio
486 3385 690 3470 remissae,
716 3403 812 3477 quae
839 3379 1000 3478 priorem
1028 3381 1175 3472 partem

58 3501 246 3572 exercitus
265 3524 309 3574 eo
328 3499 643 3598 deportaverant,
659 3495 896 3581 Brundisium
920 3495 1175 3568 revertuntur.

57 3613 286 3711 Pompeius,
309 3615 402 3716 sive
430 3615 604 3714 operibus
629 3614 798 3704 Caesaris
836 3614 1053 3709 permotus,
1094 3607 1175 3676 sive
1287 3669 1312 3690 ,,

57 3729 175 3834 etiam
202 3729 302 3826 quod
329 3729 376 3800 ab
403 3731 512 3800 initio
538 3729 646 3801 ltalia
680 3725 859 3802 excedere
901 3725 1176 3810 constituerat,

57 3845 407 3920 adventunavium
434 3831 704 3944 protectionem
744 3864 874 3942 parare
909 3841 1070 3938 incipit:
1110 3843 1175 3928 et,

91 4165 207 4220 omnibns
224 4165 296 4220 rebus
311 4163 492 4238 perseveraret.
526 4181 586 4220 orn·
653 4165 667 4190 “⁴
686 4163 845 4286 puod'Cons.
857 4163 948 4220 obsint.
961 4161 1178 4238 Quodproquid,

59 4237 128 4288 nino
147 4253 315 4306 perseverare.
334 4235 376 4286 Μ.
653 4248 685 4285 re
713 4253 742 4284 eo
759 4237 835 4304 pund.
872 4235 915 4288 sic
933 4252 1022 4288 seusus
1040 4231 1106 4286 bene
1124 4233 1178 4284 sibl

93 4313 200 4354 auctora
215 4315 293 4369 aspra:
309 4315 406 4370 ugente.
425 4301 469 4355 Sic
481 4299 586 4358 Cornel.
653 4310 771 4362 constat,
783 4321 830 4354 nec
841 4321 908 4372 opus
926 4311 966 4354 est
982 4301 1113 4353 Prrizrmii
1130 4298 1178 4350 nb·
1216 4361 1219 4368 1

58 4371 119 4422 Att.
133 4367 398 4426 &ademauro-em
409 4381 588 4437 auctoremque
655 4369 800 4420 servatione
822 4361 856 4421 ad
880 4367 980 4422 sanctii
1004 4367 1070 4419 Mirr.
1088 4365 1118 4430 3,
1136 4375 1178 4432 :4-

60 4431 177 4490 liniebat.
190 4433 232 4487 Cl'.
244 4433 410 4488 etCicernde
424 4437 533 4497 Orata,
545 4438 585 4500 46.
655 4453 702 4488 nec
719 4436 827 4506 Apuleii
842 4431 900 4493 loeo
916 4435 999 4490 citato
1015 4431 1049 4487 ab
1065 4432 1136 4488 out.

164 4509 323 4608 classa:
349 4529 544 4607 Commeat.
583 4529 695 4604 Tom.
721 4529 752 4606 1.
918 4527 1045 4603 Gc'c'
1126 4638 1131 4654 1
