3068 5260
308 343 363 406 10
665 339 721 400 DE
749 287 891 405 xBELLll
927 339 1049 414 GALL,

350 543 388 616 6.
413 543 533 622 Ereut
567 543 721 618 'omnino
755 545 889 618 itinera
915 543 1017 634 dun,
1050 541 1185 644 quibus
1218 545 1417 626 itineribus

301 655 415 730 domo
434 659 535 730 exire
551 664 726 758 possent:
755 683 872 736 un-nm
891 684 956 758 per
974 659 1189 756 Sequanos,
1216 667 1420 760 angustum

299 776 342 848 et
367 767 547 863 difficile,
570 761 669 847 inter
695 781 865 852 montem
892 777 1017 848 Iuram
1045 779 1084 847 et
1111 770 1251 846 flumen
1269 773 1421 846 Rhoda·

298 914 418 974 num,
448 891 511 962 vix
529 913 604 987 qua
619 890 755 989 singuli
773 891 870 964 carri
889 890 1143 979 ducerentur;
1162 917 1271 966 moris
1289 900 1421 972 autem

300 1001 503 1078 altissimus
529 1005 781 1104 inpendebat,
815 1011 861 1079 ut
887 1005 993 1079 facile
1021 1010 1196 1106 perpauci
1222 1007 1421 1107 probibere

299 1125 476 1219 possent:
513 1119 673 1194 alterum
709 1146 775 1227 per
808 1122 1048 1202 Provinciam
1075 1128 1265 1211 nostram,
1297 1121 1420 1196 multo

299 1233 445 1310 facilius
476 1241 595 1336 atque
619 1236 847 1335 expeditius,
873 1244 1072 1336 propterea
1097 1239 1198 1337 quod
1223 1237 1422 1312 Helvetio-

299 1377 386 1426 rum
420 1353 519 1426 inter
553 1353 644 1426 fines
675 1358 718 1426 et
743 1352 1018 1456 Allobrogum,
1052 1358 1116 1453 qui
1150 1381 1270 1456 nuper
1294 1359 1420 1456 pacati

302 1472 437 1557 erant,
470 1467 675 1540 Rhodanus
709 1465 817 1560 fluit,
843 1469 958 1568 -isque
992 1467 1180 1544 nonnullis
1205 1469 1297 1544 locis
1325 1469 1421 1544 vado

300 1587 498 1668 transitur,
525 1587 748 1660 Extremum
766 1586 946 1686 oppidum
964 1586 1209 1688 Allobrogum
1228 1595 1305 1678 est,
1333 1613 1423 1688 pro-

299 1704 520 1800 ximumque
544 1702 805 1786 Helvetiorum
830 1703 989 1795 finibus,
1015 1706 1182 1784 Genera.
1216 1707 1273 1779 Ex
1291 1730 1335 1779 eo
1353 1731 1424 1804 ops

300 1816 389 1916 pido
416 1841 510 1915 pons
536 1817 584 1890 ad
617 1818 810 1897 Helvetios
843 1821 1017 1918 pertinet.
1050 1819 1316 1922 Allobrogibus
1342 1843 1422 1893 sese
1522 1909 1523 1912 Ἴ

248 1995 254 2004 .
301 1933 364 2006 vel
390 1959 658 2034 persuasurus,
684 1936 785 2034 quod
811 1936 979 2010 nondum
1005 1937 1106 2011 bono
1132 1937 1258 2010 animo
1282 1937 1322 2009 in
1347 1937 1424 2010 Po-

301 2048 433 2148 pulum
460 2050 675 2122 Romanum
704 2051 944 2141 viderentur,
970 2051 1261 2138 existimabant3
1298 2048 1358 2122 vel
1384 2051 1424 2138 vi

301 2170 521 2256 coacturos,
540 2173 583 2241 ut
598 2191 663 2265 per
676 2191 764 2242 suos
776 2168 858 2241 finis
876 2191 941 2241 eos
957 2168 1011 2240 ire
1028 2174 1259 2266 paterentur.
1286 2167 1424 2241 Omni·

301 2281 373 2356 bus
389 2283 499 2356 rebus
524 2285 570 2356 ad
590 2273 864 2382 'profectionem
879 2286 1105 2384 comparatis
1116 2329 1133 2375 ,·
1151 2285 1250 2358 diem
1269 2285 1423 2378 dicunt,

303 2397 456 2494 quadie
475 2398 520 2471 ad
540 2401 661 2497 ripam
684 2399 855 2472 Rhodani
877 2423 1006 2472 omnes
1024 2402 1269 2474 conveniant:
1294 2400 1325 2472 is
1342 2399 1421 2472 dies

299 2521 386 2588 erat
404 2541 438 2587 a.
464 2513 501 2600 d.
527 2517 572 2588 V.
599 2513 680 2600 Kal,
708 2516 798 2614 Apr,
823 2515 867 2588 L.
893 2515 1053 2604 Pisone,
1076 2518 1121 2590 A.
1149 2517 1309 2594 Gabinio
1327 2514 1425 2602 cossi

303 2787 374 2834 meta
395 2779 510 2844 brestes,
534 2783 563 2834 in
589 2801 643 2854 qus
668 2787 708 2834 est
727 2789 830 2848 nosrta:
897 2779 990 2834 Celsus
1007 2779 1106 2834 devita
1117 2780 1190 2834 Caes.
1209 2795 1255 2852 pa
1287 2779 1426 2833 commodo

305 2858 332 2900 et
388 2851 569 2916 eutiugeriana
597 2848 696 2902 tabula.
730 2850 829 2900 cellar.
897 2848 939 2901 his
956 2847 1043 2902 verbis
1062 2849 1212 2919 expressit:
1264 2861 1347 2900 terum
1366 2859 1426 2910 erat

303 2913 372 2994 Ergo
409 2916 524 2987 reliquae
550 2917 674 2968 lectiones
702 2919 713 2980 (
736 2934 830 2985 magna
898 2920 949 2967 iter
975 2916 1019 2968 rub
1052 2929 1166 2967 montem
1189 2917 1280 2967 Iuram
1314 2921 1342 2966 s'n
1377 2916 1426 2967 Se-

304 3001 377 3034 smm
394 2993 435 3035 est
451 2987 595 3055 scripturae
621 2985 733 3036 varietas
748 2984 779 3054 iu
802 2982 829 3042 b.
897 3001 1005 3101 pisanos.
1024 2985 1067 3036 M.
1103 2982 1244 3056 perperam
1274 2983 1324 3034 iter
1355 2983 1427 3034 lutor

304 3055 358 3114 v.)
393 3050 473 3104 falsos
507 3059 578 3104 sunt.
619 3049 662 3103 M.
699 3049 830 3103 Cellarius
912 3070 986 3104 uram
1020 3060 1048 3104 et
1076 3049 1205 3104 'liberum
1233 3058 1367 3102 unaarum
1391 3050 1427 3102 ab

305 3117 371 3170 duas
388 3117 498 3171 Noreirs
516 3118 647 3182 agnoscit,
667 3116 776 3168 alteram
800 3119 829 3169 in
897 3117 1024 3170 Helvetiis
1049 3127 1188 3179 statuunt,
1214 3137 1299 3188 quum
1321 3118 1372 3168 iste
1392 3118 1427 3173 sd

304 3186 421 3245 Norico,
446 3185 557 3238 alteram
576 3191 603 3235 iu
621 3185 730 3252 Caruis3
755 3186 829 3251 illap-

304 3263 366 3306 nsrt
382 3253 473 3308 sedem
489 3272 545 3306 esse
562 3261 648 3322 putat.

328 3405 383 3506 po·
409 3388 568 3456 Sequanos,
596 3390 665 3438 inter
694 3388 784 3439 Iuram
803 3399 830 3438 et

304 3456 328 3508 R
347 3456 467 3506 ιιᾰωιιυη.
487 3453 540 3505 Sed
550 3471 605 3505 non
617 3455 681 3506 satis
693 3455 829 3522 intelligo,

220 3541 223 3546 ·
303 3524 357 3574 situ
374 3522 493 3574 locorum
506 3531 677 3590 comparato,
695 3541 748 3592 quo
766 3531 829 3572 tnn-

304 3589 365 3644 dem
384 3589 478 3646 modo,
497 3589 543 3657 qui
561 3590 747 3668 Sequanorum
765 3588 830 3646 linos

305 3657 416 3710 transire
433 3654 592 3718 voluerunt,
609 3665 679 3708 mter
696 3657 784 3708 Iuram
803 3665 831 3709 et

304 3721 830 3803 Rhodanummbiufflbfequaniloore,

303 3795 355 3844 ilar
367 3791 449 3842 lacere
481 3792 605 3842 niuei-ht.
624 3792 704 3844 Crist.
718 3791 829 3844 Crusius

303 3809 538 3910 improbabilibus
559 3859 665 3911 (bitinia
705 3897 711 3910 .
732 3865 829 3910 16-20

303 3925 420 3977 Rhenum
428 3925 514 3976 voluit
524 3925 589 3995 legi,
602 3946 650 3997 pro
659 3878 828 3990 sindonum,

304 4001 410 4044 secutus
432 3993 590 4046 Strabonem
608 4005 635 4045 st
650 3993 828 4065 metaphrasin

303 4058 420 4134 {laeseris
436 4061 580 4122 Graecam,
602 4063 630 4112 in
645 4078 698 4132 qun
713 4079 777 4113 sune
789 4068 830 4121 est

315 4137 409 4192 Ρενοςε
429 4128 466 4178 ita
482 4129 519 4180 sit
536 4129 605 4181 inter
623 4130 711 4180 lurum
722 4139 749 4180 et
761 4128 828 4179 llbe-

302 4211 384 4254 rrum,
407 4193 504 4248 deinde
516 4197 622 4248 venitur
637 4196 670 4249 sd
681 4199 828 4264 Sequanos.

302 4259 363 4312 lion
397 4259 514 4323 dubito,
548 4263 643 4316 Crusio
677 4262 827 4322 adsentiri,

303 4331 457 4404 praesertim
475 4350 536 4398 cum
553 4339 580 4382 et
597 4330 667 4382 ined.
688 4330 718 4381 ll.
731 4333 779 4381 tite
800 4327 827 4379 b.

302 4411 356 4447 ram
366 4394 467 4466 laptur
477 4397 603 4450 lvreium.
620 4395 706 4450 lulius
719 4395 765 4468 qui
800 4415 828 4450 m

897 3185 970 3240 bunt
983 3205 1037 3238 nou
1046 3187 1187 3258 pertinget.
1199 3186 1326 3264 Accedit,
1338 3185 1426 3255 quod,

897 3255 1107 3332 quum'llauraci
1124 3255 1154 3334 in
1168 3262 1320 3332 soeretotem
1337 3261 1428 3332 essent

894 3319 1427 3458 litsltlltltlt:ltitltthtt

896 3455 930 3507 ad
957 3455 1065 3508 boreum
1087 3455 1200 3508 debatur
1227 3457 1255 3508 in
1276 3456 1425 3526 Sequanos·
1514 3463 1519 3470 '

896 3523 991 3592 ltaque
1000 3543 1040 3575 res
1049 3524 1086 3575 sic
1093 3521 1278 3593 captandaAd
1287 3521 1427 3575 meridiem

896 3589 1032 3644 Helvetiae
1041 3589 1144 3661 duplex
1156 3599 1212 3644 srst
1223 3592 1274 3642 iter
1281 3631 1289 3653 ,
1311 3590 1426 3652 alterum

897 3658 931 3720 ad
948 3659 1084 3710 sinistram
1103 3677 1150 3728 per
1170 3667 1281 3730 pontm
1299 3659 1425 3711 Genevse

898 3734 970 3778 trans
996 3725 1156 3779 Rhodanum
1184 3727 1213 3777 in
1248 3724 1423 3793 Allobroges,
1522 3767 1523 3776 ,

892 3792 1011 3845 ,alterum
1030 3794 1058 3846 in
1082 3795 1221 3874 §munros
1243 3793 1276 3846 nd
1302 3792 1425 3844 dextram
1522 3827 1523 3862 3

895 3871 945 3930 pr
962 3861 1051 3913 brunes
1073 3863 1143 3912 inter
1164 3861 1253 3916 lurum
1272 3870 1301 3912 et
1319 3859 1425 3912 llboda-
1522 3865 1523 3890 ³

896 3945 971 3979 num.
996 3929 1050 3980 Isto
1075 3927 1201 4008 prohibiti
1225 3933 1266 3993 (o.
1295 3931 1342 3991 8.)
1374 3927 1425 3980 boc
1522 3935 1523 3954 ³

896 4004 1033 4066 penetrare
1076 4013 1105 4046 m
1142 3994 1243 4048 Gallias
1286 3996 1426 4050 tentarunt

896 4069 934 4124 (c.
960 4066 1002 4128 9.)
1023 4071 1050 4114 et
1068 4062 1103 4122 sd
1122 4063 1228 4115 Aeduos
1248 4064 1342 4114 misere
1358 4059 1425 4130 lega·

898 4137 946 4180 tos.
972 4129 1003 4180 ld
1028 4131 1117 4200 ipsum
1144 4129 1277 4192 ostendit,
1299 4147 1355 4182 uon
1386 4127 1423 4192 ad
1522 4189 1523 4196 ἵ

896 4195 1018 4257 boream,
1043 4205 1074 4246 nt
1097 4197 1176 4315 vulga
1196 4205 1308 4268 putent,
1332 4205 1359 4248 ot
1391 4205 1423 4248 ut

895 4281 982 4331 nuper
1012 4264 1092 4314 etism
1121 4265 1263 4319 barnerio
1291 4265 1319 4317 in
1343 4281 1423 4334 opere

885 4329 1076 4399 'Goographico
1101 4339 1122 4380 t.
1151 4349 1174 4382 2.
1205 4351 1231 4405 p.
1272 4351 1292 4382 r.
1323 4351 1348 4402 p.
1379 4331 1421 4384 so,
1522 4377 1523 4386 ,

896 4397 998 4463 visum,
1031 4400 1174 4461 transitum
1221 4399 1329 4457 mauros
1359 4399 1423 4453 Hel·
1522 4409 1523 4476 3
