3028 5258
367 371 459 463 562
729 351 788 462 uu
821 399 956 460 narro
990 399 1119 488 cmm

364 599 551 690 advertit,
577 603 733 698 quartae
761 602 874 692 aciei,
900 625 1013 700 quarn
1031 599 1245 674 instituerat
1266 621 1332 676 sax
1352 595 1483 671 cohor·

274 733 283 746 ‘
362 723 473 794 tium.
491 743 670 807 numero,
694 719 841 817 signum
868 717 982 792 dedit.
1010 716 1067 791 lili
1094 715 1263 790 celeriter
1280 740 1504 822 procucura¹

354 835 520 926 ¹rerunt,
546 835 761 933 infestisque
787 835 899 936 signis
917 840 1026 910 tanta
1043 835 1082 906 vi
1099 835 1137 907 in
1154 835 1324 934 Pompeii
1341 837 1482 932 equites

363 955 535 1052 inpetum
562 949 755 1036 fecerunt,
783 955 983 1022 uteorum
1010 973 1121 1022 nemo
1148 950 1372 1028 consisteret
1404 973 1482 1020 om-

362 1067 503 1166 nesque
542 1069 714 1142 conversi
753 1093 830 1141 non
869 1065 991 1140 solum
1024 1064 1110 1138 loco
1145 1065 1395 1152 excederent,
1417 1065 1481 1137 sed

363 1189 533 1288 protinus
560 1185 708 1260 incitati
747 1187 836 1285 fuga
874 1193 1023 1257 montes
1062 1181 1264 1261 altissimos
1296 1190 1480 1284 peterent.

362 1303 509 1396 Quibus
535 1299 737 1391 submotis,
763 1322 893 1372 omues
919 1299 1103 1400 sagittarii
1122 1297 1403 1394 funditoresque
1421 1297 1481 1368 de-

362 1419 510 1506 stituti,
532 1416 712 1506 inermes,
738 1415 816 1488 sine
844 1413 1046 1513 praesidio,
1075 1411 1265 1492 interfecti
1283 1416 1386 1484 suut.
1411 1411 1482 1482 Eo-

362 1534 448 1608 dem
474 1535 605 1632 inpetu
632 1532 807 1606 cohortes
833 1531 1026 1604 sinistrum
1051 1555 1191 1620 cornu,
1225 1529 1480 1637 pugnantibus

361 1653 476 1724 etiam
502 1655 587 1723 tum
613 1675 659 1723 ac
684 1649 941 1724 resistentibus
966 1649 1005 1721 in
1032 1649 1112 1722 acie
1138 1647 1398 1750 Pompeianis,
1413 1649 1483 1718 cir-

362 1769 578 1840 cumierunt
603 1789 740 1863 eosque
766 1790 789 1837 a
815 1771 922 1866 tergo
950 1769 1039 1838 sunt
1065 1763 1199 1838 adorti.

414 1893 475 1980 9'4.
501 1881 642 1956 Eodem
669 1888 838 1980 tempore
864 1882 1019 1954 tertiam
1045 1881 1165 1954 aciem
1189 1881 1349 1970 Caesar,
1382 1904 1478 1978 quae

360 2001 488 2096 quieta
514 1997 636 2070 fuerat
661 2003 699 2070 et
724 2020 763 2069 se
789 1993 892 2068 adid
911 1994 1161 2096 tempusloco
1181 2001 1379 2078 tenuerat,
1398 2019 1479 2092 pro·

263 2121 267 2126 '
361 2137 513 2186 currere
539 2113 657 2186 iussit.
683 2113 762 2196 Ita,
789 2134 907 2209 quum
934 2115 1102 2184 recentes
1129 2115 1244 2210 atque
1262 2109 1400 2207 integri
1418 2107 1478 2178 de-

360 2227 464 2302 fessis
491 2229 775 2316 successissent,
801 2225 862 2298 alii
889 2231 1017 2298 autem
1043 2251 1066 2298 a
1091 2233 1198 2326 tergo
1225 2223 1479 2311 adorirentur,

360 2347 542 2423 sustinere
568 2342 782 2440 Pompeiani
810 2363 883 2413 non
916 2345 1123 2440 potuerunt
1162 2345 1277 2436 atque
1317 2335 1479 2409 universi

279 2515 284 2522 .
361 2463 469 2556 terga
497 2463 703 2530 verterunt.
729 2457 859 2554 Neque
887 2479 977 2528 vero
995 2457 1192 2530 Caesarem
1212 2451 1361 2539 fefellit,
1388 2457 1480 2548 quin

363 2575 411 2646 ab
438 2575 481 2646 iis
508 2574 745 2662 cohortibus,
771 2595 866 2670 quae
893 2579 1026 2645 contra
1051 2575 1263 2672 equitatum
1289 2571 1328 2642 in
1346 2579 1482 2668 quarta

364 2693 444 2765 acie
470 2689 687 2763 confocatae
714 2695 855 2778 essent,
889 2691 1040 2762 initium
1078 2691 1259 2764 victoriae
1293 2689 1484 2777 oriretur,

363 2816 409 2884 ut
433 2808 510 2904 ipse
535 2808 574 2877 in
600 2803 841 2878 cohortandis
866 2803 1047 2880 militibus
1068 2807 1397 2908 pronunciaverat.
1423 2807 1483 2879 Ab

363 2923 421 2997 his
446 2923 545 2996 enim
572 2922 735 3020 primum
762 2921 953 3017 equitatus
978 2929 1036 2998 est
1070 2923 1227 3022 pulsus,
1260 2923 1321 3012 abx
1349 2923 1484 2998 iisdem

363 3037 486 3109 factae
513 3035 643 3109 caedes
670 3035 949 3134 sagittariorum
983 3044 1097 3135 atque
1132 3037 1401 3128 funditorum,
1438 3037 1484 3109 ab

363 3155 493 3228 iisdem
520 3155 616 3226 acies
642 3153 868 3251 Pompeiana
886 3177 908 3224 a
927 3153 1074 3227 sinistra
1097 3161 1201 3252 parte
1223 3161 1304 3227 erat
1321 3157 1484 3228 circum·

352 3273 418 3348 ¹ita
444 3277 557 3370 atque
581 3268 734 3345 initium
759 3267 870 3369 fugae
896 3267 1052 3343 factum.
1078 3271 1151 3346 Sed
1178 3272 1406 3372 Pompeius,
1441 3280 1485 3345 ut

397 3575 445 3609 sex
461 3557 561 3637 robore.
578 3573 694 3608 mammo.
712 3553 826 3636 Estboc
839 3574 886 3608 vs·
952 3555 1026 3636 sulus
1044 3557 1155 3628 adparat
1172 3556 1268 3639 Cesar
1280 3558 1367 3640 ,ipso
1386 3557 1483 3639 iudice.

363 3645 425 3745 dddn
435 3625 516 3746 qigth·
527 3623 578 3742 dds
585 3623 887 3742 :t'hgiziridr‘drudodddi'lg
946 3624 1396 3763 ‘gzffldssbigdelduicdi'duddffl
1405 3635 1482 3766 iffi

363 3778 468 3838 numero
481 3711 587 3811 hainaut.
611 3757 678 3828 Ergo
691 3767 886 3838 sex-estsnror-
953 3759 1034 3837 iidem
1053 3761 1188 3830 fugerint,
1206 3778 1261 3812 nou
1280 3762 1307 3810 fn
1343 3761 1409 3814 rint.

363 3825 515 3879 ractorrbus.
542 3827 581 3874 M.
605 3825 763 3880 Emendarrt
783 3843 886 3894 primus
978 3824 1070 3896 jaderae
1085 3829 1182 3879 cades.
1210 3829 1302 3880 Sicco
1343 3837 1398 3882 ·et
1421 3829 1481 3882 edd.

363 3895 475 3946 Petrum
503 3912 517 3944 e
545 3893 704 3945 coniectura.
744 3893 886 3946 consentit
953 3901 1017 3948 vett.
1035 3893 1090 3946 Atti
1099 3895 1185 3965 jecta.

353 3961 528 4026 ,traiciamus
565 3975 650 4024 .277.
985 3961 1213 4030 ammiravulgo
1221 3965 1404 4013 amanvenses„
1412 3965 1481 4014 nno

396 4029 512 4107 destituti
534 3977 568 4106 sd>
584 4025 733 4097 equitibus3
756 4033 884 4106 inermes,
952 4027 1004 4081 hoc
1020 4027 1130 4082 verbum
1148 4035 1172 4083 ro*
1184 4041 1242 4080 erat
1256 4027 1410 4082 tollendum
1428 4039 1482 4090 est,
1501 4085 1504 4102 ⁴

363 4093 424 4147 talis
449 4095 583 4165 profusas3
611 4097 665 4146 sins
689 4097 843 4164 praesideo,
869 4113 885 4147 a
947 4105 986 4162 ,ut
1002 4095 1107 4166 quidam
1125 4105 1293 4148 monuerunt
1312 4099 1350 4146 M.
1389 4097 1423 4147 ln
1442 4096 1484 4148 his

348 4161 446 4214 'nullis
462 4161 595 4234 equitibus
611 4161 722 4214 defensi.
742 4163 784 4214 M.
953 4163 1079 4229 Gruter,
1092 4161 1318 4225 Clarkius,0ud.,
1332 4163 1482 4216 Mandane.
1503 4199 1504 4202 =

397 4229 437 4280 Ab
463 4229 504 4280 bis
531 4233 598 4280 enbn
626 4255 658 4268 -·
682 4233 784 4280 intritam
807 4229 886 4347 (ugos
947 4229 1482 4319 qui,utsolet,accipitotqaeprsstatim.

356 4297 466 4368 flaccum.
491 4295 559 4348 Haec
577 4303 632 4348 tota
668 4297 770 4348 eriodus
790 4315 886 4364 gossa-
954 4299 1181 4351 temerariam
1198 4299 1289 4369 Nepos
1298 4297 1363 4350 dreit
1382 4297 1481 4348 Them.

352 4364 413 4414 ,tori
426 4361 629 4416 eteberividetur
675 4363 765 4415 ntleio.
787 4365 885 4417 :statim
950 4365 976 4416 3.
994 4373 1021 4415 st
1038 4365 1133 4418 (laesas
1149 4365 1186 4420 G·
1202 4363 1239 4426 3,
1263 4369 1302 4417 25.
1325 4365 1367 4417 Cf.
1387 4373 1418 4417 et
1434 4365 1480 4416 At

364 4431 435 4482 euim
457 4429 583 4499 arrogans
605 4431 719 4482 nimium
742 4440 768 4483 et
787 4431 885 4500 glorio·
954 4444 992 4497 η.
1010 4439 1038 4484 et
1054 4429 1095 4484 83.
1482 4440 1484 4444 '
