3040 5264
363 347 659 414 Llu.1v.c.lP.
702 322 870 418 1143.
1089 355 1171 416 121

119 554 178 631 13.
202 557 285 630 Hoc
313 556 413 630 facto
440 557 604 656 proelio,
621 559 774 648 Caesar,
793 583 912 656 neque
931 557 1007 630 iam
1025 533 1101 634 ¹sibi
1129 561 1180 634 te-

49 679 172 772 gatos
198 672 422 763 audiendos,
445 698 564 772 neque
591 675 824 748 conditiones
856 679 1089 774 accipiendas
1116 705 1180 751 ar·
1211 708 1213 717 ’

50 791 276 863 bitrabatur
309 791 355 862 ab
391 790 470 878 his,
496 789 561 886 qui
594 815 661 889 per
695 791 823 864 dolum
858 798 972 889 atque
1004 795 1178 882 insidias,

50 905 183 1001 petita
197 929 307 1004 pace,
324 904 423 976 ultro
436 903 577 975 bellum
591 905 820 978 intulissent:
836 911 1053 1004 exspectare
1070 927 1179 999 vero,

51 1019 155 1089 dum
174 1021 339 1091 hostium
357 1021 485 1117 copiae
511 1027 739 1122 augerentur
761 1022 1025 1116 equitatusque
1052 1043 1181 1092 rever-

49 1137 225 1220 teretur,
238 1157 406 1204 sommae
425 1133 633 1205 dementiae
650 1159 728 1206 esse
746 1135 936 1208 iudicabat
954 1137 1180 1231 et,¹cognita

52 1247 260 1322 Gallorum
288 1249 522 1336 infirmitate,
541 1257 727 1346 quantum
757 1253 829 1321 iarn
857 1250 955 1347 apud
976 1275 1038 1320 eos
1055 1251 1181 1322 trustes

53 1389 140 1438 uno
167 1365 305 1464 proelio
333 1365 567 1437 auctoritatis
584 1371 716 1438 essent
741 1368 956 1454 consecuti,
975 1369 1181 1439 sentiebat:

52 1479 263 1598 quibusnad
281 1480 432 1554 consilia
459 1479 638 1580 capienda
659 1479 748 1582 nihil
767 1483 876 1579 spatii
906 1482 1071 1555 dandum
1099 1486 1178 1556 exi-

54 1595 254 1667 stimabat.
280 1595 348 1666 His
374 1595 590 1668 constitutis
616 1594 727 1668 rebus
752 1601 793 1667 et
818 1595 971 1668 consilio
999 1621 1088 1668 cum
1112 1599 1181 1668 Le-

55 1711 157 1807 gatis
193 1715 232 1782 et
265 1711 474 1800 Quaestore
507 1691 815 1798 communicato,
850 1735 896 1780 ne
931 1731 1044 1806 qur-m
1079 1711 1180 1783 diem

55 1847 208 1923 pugnae
235 1825 574 1921 praetermitteret,
592 1805 905 1922 opportunissima
933 1846 991 1896 res
1017 1825 1176 1914 accidit,

57 1939 164 2038 quod
191 1939 368 2037 postridie
394 1941 472 2012 eius
498 1940 569 2013 diei
594 1965 707 2014 mane
741 1941 872 2014 eadem
897 1949 936 2013 et
961 1941 1185 2038 perfidiaet

57 2055 299 2129 simulatione
325 2055 381 2128 usi
409 2055 606 2146 Germani,
626 2055 860 2153 frequentes,
876 2057 1050 2128 omnibus
1075 2058 1182 2155 prin-⁴

58 2176 209 2274 cipibus
246 2174 524 2275 maioribusque
559 2183 652 2246 natu
690 2173 896 2265 adbibitiS,
930 2175 977 2248 ad
1017 2199 1104 2248 eum
1140 2179 1181 2248 in

59 2301 189 2364 castra
213 2291 419 2377 venerunt,
444 2288 577 2378 simul,
605 2295 647 2362 ut
675 2289 892 2378 dicebatur,
914 2291 969 2362 sui
998 2292 1182 2390 purgandi
1243 2345 1246 2358 .

60 2433 221 2499 caussa,
250 2407 352 2506 quod
386 2413 544 2506 contra,
578 2390 702 2501 atque*
725 2413 823 2478 esset
858 2407 1078 2479 dictum-et
1112 2409 1183 2506 ipsi

60 2525 268 2622 petissent,
294 2519 477 2620 proelium
504 2518 621 2622 pridie
647 2507 948 2608 commisissent3
975 2519 1084 2592 simul
1114 2531 1182 2613 ut,

61 2643 92 2710 si
128 2637 431 2736 quid'possent,
464 2635 511 2710 de
545 2635 704 2708 induciis
738 2635 899 2707 sallendo
935 2638 1183 2734 inpetrarent.

61 2755 168 2845 Quos
186 2753 253 2824 sibi
272 2753 408 2824 Caesar
426 2749 572 2822 oblatos
590 2751 763 2848 gavisus,
782 2747 863 2822 illos
882 2753 1032 2822 retineri
1053 2753 1182 2837 iussit;

33 2933 37 2940 .
59 2867 139 2965 ipse
157 2890 285 2938 omnes
312 2865 438 2963 copias
455 2863 589 2938 castris
607 2863 735 2935 eduxit
752 2866 1059 2960 equitatumque,
1079 2865 1183 2960 qood

62 2985 205 3058 recenti
232 2981 371 3080 proelio
399 2983 640 3084 perterritum
666 3004 744 3053 esse
770 2983 1027 3072 existimabat,
1047 3005 1184 3086 agmen

64 3097 240 3194 subsequi
265 3097 384 3168 iussit.

96 3313 265 3388 infirmate,
287 3307 446 3366 mobilitate.
465 3309 507 3366 Cl'.
525 3325 547 3366 e.
565 3311 588 3362 5·
655 3325 753 3375 sarem,
776 3327 851 3365 reum
874 3315 1108 3382 repuerostliueror.
1132 3305 1183 3362 llo·

65 3382 102 3432 M·
387 3442 389 3444 ,
657 3379 744 3434 stibus
760 3379 908 3434 dedendum
925 3389 1048 3431 censeret.
1065 3379 1106 3429 Cf.
1119 3377 1184 3430 Sue·

112 3448 166 3516 pud
181 3445 366 3514 eos(Gallos)
380 3445 465 3500 besses
479 3445 591 3514 (Caesa
657 3457 713 3500 tou.
738 3448 785 3499 tut.
807 3465 829 3499 e.
854 3458 892 3512 24.
921 3447 976 3498 Hoc
999 3451 1184 3516 carpendum«

68 3517 114 3582 ris,
133 3517 152 3567 i.
162 3535 184 3567 e.
195 3515 348 3579 Germani).
366 3515 404 3566 M.
561 3555 564 3562 .
657 3517 687 3567 iu
704 3533 736 3567 eo
752 3515 857 3567 videtur
869 3516 967 3574 duisse,
983 3514 1053 3584 quod
1072 3515 1184 3572 interea,
1289 3543 1292 3562 t

95 3587 321 3651 praetermitteret.
339 3581 387 3634 atti
403 3583 590 3634 iiztermtoerer.
658 3579 722 3634 &rm
739 3577 816 3644 legati
835 3579 907 3651 apud
925 3600 983 3632 eum
1001 3581 1120 3640 suemut,
1137 3579 1186 3630 ho-

96 3654 208 3728 garisus.
237 3649 307 3701 Setis
329 3659 397 3702 certa
415 3662 456 3701 est
472 3651 533 3702 baec
556 3648 592 3701 le·
659 3661 712 3704 stes
741 3649 873 3717 adgressus
898 3657 953 3700 est:
980 3648 1131 3717 praesertim
1159 3648 1185 3698 si

69 3726 119 3768 etro
142 3725 253 3787 propter
276 3715 392 3786 metaph.
416 3713 465 3769 Gr.
487 3721 516 3768 iu
540 3733 592 3788 qua
658 3709 830 3769 DioC'ussius
847 3716 892 3784 39,
906 3720 1004 3778 ibifl-
1020 3711 1184 3770 conteratur,

69 3793 107 3834 est
126 3793 219 3842 tetris,
239 3783 305 3848 etsi,
325 3783 395 3854 qnod
417 3785 514 3836 mirum
538 3793 594 3845 est,
659 3787 704 3855 qui
749 3783 874 3843 roelium,
900 3799 923 3834 c.
952 3799 981 3830 ra
1005 3780 1185 3850 descriptum,

69 3869 159 3904 omues
177 3851 231 3903 sere
249 3849 327 3904 MSS.
342 3847 592 3922 gruciusesbibeut.
661 3801 822 3922 petuiirntiae
840 3850 974 3904 iuuiemm
988 3847 1093 3906 tribuit,
1105 3865 1188 3916 quam

70 3919 106 3968 M·
661 3917 775 3971 seniores
798 3933 877 3988 usque
900 3937 930 3967 eo
953 3913 1134 3986 inprobariut,
1154 3921 1186 3964 ut.

102 3988 210 4034 retineri
225 3987 307 4035 iussit.
325 3981 453 4038 Plutarch.
471 3985 500 4036 in
509 3983 593 4038 *Caes-
661 3985 817 4054 legationem
839 3983 872 4036 ad
891 3983 1028 4036 Caesarem
1045 3979 1186 4050 deprecan-

71 4069 92 4102 ε.
110 4067 141 4102 22
161 4051 257 4120 repetit
274 4051 379 4123 quidem
398 4071 428 4104 ex
452 4050 501 4104 hoc
522 4049 595 4110 loco,
661 4053 793 4105 dissuasa
810 4051 980 4120 susciperent.
1026 4045 1081 4100 Hos
1106 4051 1187 4118 igitur

72 4135 133 4236 quac
152 4117 284 4170 Caesare.
306 4131 335 4169 ια
346 4130 374 4171 et
388 4119 417 4169 13
435 4117 468 4170 de
487 4117 594 4190 perfidie
661 4121 790 4177 seniores,
807 4115 921 4196 legatos,
937 4115 1130 4186 deprecatores,
1146 4135 1185 4166 re·

97 4204 265 4240 “manorum
287 4187 410 4248 narravit,
430 4189 440 4242 ὅ
459 4198 550 4256 Καῖσαρ
574 4189 594 4238 is
661 4183 762 4247 tinuit,
780 4195 807 4236 et
836 4193 934 4236 intereo
961 4185 1025 4236 vicit
1048 4201 1111 4243 cos,
1134 4201 1183 4252 pro

73 4261 122 4311 aaa
140 4257 256 4323 tfsprpr'er
273 4259 381 4324 Ίίγραμν
391 4281 426 4293 ·-
440 4253 486 4306 sed
503 4253 592 4318 addit,
681 4252 760 4305 ¹nibus
771 4249 935 4322 deprecaturi
946 4261 1079 4304 venerant.
1097 4248 1185 4316 Quae·

74 4317 218 4372 Canusium
242 4319 397 4382 tradidisse,
417 4319 463 4372 bas
486 4339 526 4374 res
547 4319 595 4372 Cr·
659 4271 723 4372 nem
738 4319 833 4374 horum
848 4318 971 4374 Bruntius
989 4319 1184 4388 iemadtigerat.

74 4387 128 4438 toni
139 4385 205 4440 adeo
217 4387 296 4440 sitisse
310 4387 476 4460 inprobatus,
489 4397 519 4438 ut
531 4387 605 4439 Cae·‘
661 4387 704 4440 M.
875 4407 877 4411 ·
1158 4385 1162 4393 ’
1194 4391 1196 4394 ’

171 4487 328 4561 CAESAR.
356 4489 551 4560 Commeat.
603 4487 710 4558 Tum.
738 4487 768 4560 Ι.
947 4489 984 4577 Q
