3068 5260
391 384 472 447 rus.
506 384 534 448 1.
568 385 661 447 cur.
697 383 839 486 9-11.
974 405 978 415 -
1116 347 1170 450 15

60 585 204 662 ltaliam
230 583 374 685 maguis
400 585 595 662 itineribus
614 585 830 678 contendit,
855 583 1020 684 duasque
1045 581 1098 658 ibi
1123 582 1176 658 le·

58 707 185 805 giones
212 703 443 792 conscribit,
476 709 515 778 et
546 703 641 794 tris,
673 727 769 802 quae
795 703 939 778 circum
965 700 1177 800 Aquileiam

40 817 300 909 ‘lriemabant,
325 841 372 892 ex
398 815 562 892 bibernis
588 819 734 910 educit,
761 824 825 909 et,
855 843 930 916 qua
960 819 1177 915 proximum

57 933 130 1006 iter
155 935 194 1006 in
223 933 439 1008 ulteriorem
463 934 624 1008 Galliam
650 957 717 1034 per
737 932 850 1034 Alpes
876 937 978 1023 erat,
1003 953 1091 1002 cum
1118 930 1177 1002 bis

58 1050 224 1147 quinque
250 1049 458 1149 legionibus
483 1051 538 1123 ire
564 1050 770 1126 contendit.
823 1051 879 1124 lbi
905 1051 1111 1123 Ceutrones
1138 1052 1178 1122 et

59 1165 248 1238 Graioceli
267 1173 307 1238 et
324 1165 543 1266 Caturiges,
566 1165 660 1240 locis
685 1167 937 1266 superioribus
964 1165 1178 1262 occupatis,

57 1285 192 1356 itinere
219 1285 426 1358 exercitum
453 1283 650 1383 prohibere
677 1291 877 1358 conantur.
910 1280 1178 1381 Compluribus

56 1399 117 1473 his
152 1399 302 1502 proeliis
335 1399 475 1500 pulsis,
510 1401 556 1474 ab
591 1399 736 1492 Ocelo,
766 1400 867 1500 quod
902 1406 959 1474 est
992 1397 1179 1474 citerioris

59 1518 283 1592 Provinciae
301 1524 540 1612 extremum,
560 1517 599 1592 in
618 1517 709 1592 fines
726 1519 1001 1594 Vocontiorum
1021 1514 1179 1590 ulterio-

58 1635 112 1708 ris
128 1636 349 1712 Provinciae
368 1634 427 1708 die
445 1636 605 1734 septimo
623 1637 814 1737 pervenit:
836 1635 923 1712 inde
944 1637 983 1710 iu
1002 1632 1180 1708 Allobro·

59 1778 152 1852 gum
178 1755 297 1844 fines,
323 1753 370 1828 ab
388 1751 652 1852 Allobrogibus
670 1753 708 1826 iu
726 1753 950 1854 Segusiauos
969 1751 1179 1828 exercitum
1198 1807 1201 1815 .

61 1869 181 1946 ducit.
232 1873 282 1946 Hi
308 1877 397 1945 sunt
422 1875 530 1944 extra
555 1871 793 1946 Provinciam
820 1877 925 1946 trans
950 1867 1179 1945 Rhodanum

60 2009 186 2082 prrmr.

117 2126 175 2174 11.
192 2100 357 2174 Helvetii
374 2100 450 2172 iam
468 2123 534 2199 per
551 2100 742 2198 augustius
756 2107 795 2173 et
812 2099 904 2173 fines
917 2101 1179 2196 Sequanorum

60 2235 148 2284 suas
166 2215 292 2314 copias
307 2213 602 2288 transduxerunt
615 2219 655 2287 et
669 2215 706 2286 iu
715 2211 933 2287 Aeduorum
948 2211 1039 2282 fines
1053 2229 1179 2308 perve-

59 2333 197 2402 nerant
215 2353 420 2426 eorumque
438 2351 547 2428 agros
565 2326 855 2426 populabantur.
899 2323 1040 2408 Aedui,
1059 2343 1179 2420 quum

59 2461 101 2509 se
119 2463 260 2537 suaque
277 2443 324 2515 ab
341 2443 385 2516 iis
395 2440 592 2516 defendere
606 2465 681 2514 nou
695 2448 867 2542 possent,
879 2437 1025 2540 legatos
1039 2435 1182 2510 adCae·

57 2580 182 2630 sarem
201 2561 361 2634 mittunt
374 2566 549 2660 rogatum
565 2559 767 2633 auxilium:
794 2563 847 2632 ita
859 2583 899 2632 se
913 2561 1181 2653 omnitempore

56 2673 105 2746 de
121 2675 260 2771 Populo
283 2677 446 2751 Romano
472 2682 617 2751 meritos
642 2702 739 2767 esse,
763 2691 805 2750 ut
826 2701 939 2776 paene
964 2679 1004 2748 iu
1027 2697 1181 2773 conspe·

57 2800 122 2858 otu
148 2797 328 2865 exercitus
354 2797 470 2866 nocui
492 2797 581 2892 agri
603 2797 760 2884 uastari,
786 2792 891 2866 liberi
904 2815 1027 2864 corum
1044 2792 1083 2861 in
1099 2811 1182 2860 ser·

56 2903 207 2974 vitutem
246 2903 408 2996 obduci,
455 2905 586 3004 oppida
625 2909 835 3008 expugnari
875 2931 948 2977 non
984 2899 1182 2977 debuerunt

56 3016 204 3090 Eodem
224 3025 393 3120 tempore
412 3023 612 3114 Ambarri,
639 3025 834 3098 necessarii
855 3029 893 3097 et
913 3019 1181 3120 consanguinei

57 3130 304 3225 Aeduorum,
325 3133 524 3211 Caesarem
542 3141 742 3213 certiorem
760 3137 928 3227 faciunt,
953 3161 1052 3224 sese,
1070 3133 1183 3234 depo·

56 3357 216 3416 habuerunt
243 3361 278 3418 ab
304 3361 421 3436 Alpibus
452 3365 540 3420 Graiis
562 3373 590 3419 et
656 3367 780 3421 nominat
800 3365 871 3420 Mela
896 3383 932 3429 a,
959 3372 983 3419 5.
1013 3364 1085 3419 unde
1108 3365 1185 3420 sedeo

55 3428 152 3480 Ocelo.
175 3429 218 3482 M.
656 3436 808 3488 manifesta.

94 3495 232 3566 Complur.
267 3497 308 3550 leis
343 3515 385 3568 pr.
418 3499 509 3568 pulsis.
540 3498 591 3552 Rei
691 3503 858 3572 Segusiauos.
897 3499 967 3554 Muls
1012 3499 1060 3554 elii
1102 3499 1185 3552 Sedu»

56 3559 146 3615 huius
165 3565 290 3618 meminit
308 3565 458 3620 Pelueuus
487 3570 519 3628 8,
547 3565 590 3618 23.
658 3573 754 3621 alanos.

56 3629 109 3682 sed
140 3648 280 3710 perperam
311 3585 413 3693 trudit,
454 3633 591 3687 Ccesurm
691 3639 798 3687 meritos
820 3653 882 3688 esse.
900 3634 934 3686 V.
953 3653 976 3687 c.
996 3633 1028 3699 43
1044 3642 1072 3686 et
1088 3631 1185 3688 Strabo

58 3697 165 3765 ὲμαχὶ,
197 3717 254 3752 sme
272 3717 377 3770 pugne,
398 3699 480 3772 Alpes
507 3709 591 3754 traus-
657 3701 677 3754 l.
695 3711 719 3767 4.
742 3721 770 3772 p.
789 3721 830 3770 9²·
848 3703 955 3756 Tacitus
974 3705 1045 3754 Anu.
1067 3719 1118 3760 rr,
1142 3705 1184 3752 αὶ.

57 3779 190 3882 Ψὸἶιῗ
223 3831 318 3887 stans
347 3833 386 3887 us
425 3845 440 3900 4
478 3853 497 3905 p
534 3849 581 3902 ης
658 3769 784 3887 Euiiill
802 3769 1142 3889 Piffilini‘ii‘in‘vii
1158 3787 1183 3820 ²⁸

57 3898 178 3951 Ocelum
206 3898 287 3953 linem
315 3909 398 3954 terrae
431 3902 515 3954 Cottii
551 3901 593 3956 di-
658 3901 731 3954 bunc
759 3901 848 3956 locum
880 3903 919 3955 sic
947 3901 1094 3954 subibant:
1156 3921 1185 3952 o·

57 3967 121 4044 ¹¹²:
141 3985 208 4036 quae
227 3967 322 4020 fuitin
344 3967 462 4039 Alpibus
485 3969 591 4022 Cottiis.
658 3971 717 4020 dem
771 3981 916 4040 renrpore,
966 3988 1018 4039 apso
1067 3969 1181 4029 Aetne,

58 4033 129 4084 Furt
156 4053 170 4086 e
199 4053 215 4085 o
245 4035 356 4088 Ocelum
385 4035 446 4088 finis
474 4035 593 4106 Cisalpi·
659 4037 786 4090 Ambarri
850 4055 915 4108 uque
944 4063 978 4076 -
1005 4035 1060 4090 Sed
1091 4035 1186 4089 nullus

58 4117 113 4152 nae
146 4099 184 4154 Ge
210 4102 248 4153 'ae
277 4101 305 4156 iu
334 4101 471 4174 Alpibus3
500 4105 588 4164 ricus.
657 4104 741 4156 codex
783 4102 817 4156 lae
854 4111 865 4156 t
942 4122 958 4154 o
1003 4111 1032 4156 et
1073 4121 1185 4174 quoque.

58 4169 366 4290 goelfflidmglffor'i
383 4169 490 4287 elidis&
520 4167 594 4290 aceli
658 4171 727 4291 Etrigo
771 4169 1016 4290 widmarum
1049 4167 1127 4291 lesu}
1141 4171 1187 4290 ,lq

197 4274 205 4297 ,
264 4257 274 4288 ι
364 4257 383 4286 r·
473 4275 482 4297 ,
540 4257 558 4288 u
699 4256 797 4290 ouem:
1048 4276 1056 4290 .
1127 4257 1189 4290 eae

62 4301 173 4352 Uxeau.
211 4301 244 4356 V.
278 4305 304 4357 d'
320 4303 426 4358 Aurills
460 4307 489 4357 iu
527 4303 592 4356 Not.
659 4257 786 4358 lumbam
817 4323 910 4358 moces.
944 4250 1093 4377 -mq'liem
1126 4305 1186 4358 Ou-

58 4368 94 4420 ds
115 4367 145 4418 la
162 4368 249 4422 Gsule
266 4387 294 4440 p.
314 4377 371 4422 501.
660 4371 762 4424 dsudor
782 4374 825 4426 ius
861 4375 987 4446 recepit:
1024 4382 1107 4444 atquo
1147 4373 1188 4426 itt

94 4437 298 4490 Vocontiorum.
328 4439 418 4508 Caput
452 4438 595 4504 Yasiousm
660 4448 726 4492 suut
809 4438 881 4495 buri
907 4461 968 4514 pm
988 4441 1107 4495 civitatis
1131 4441 1186 4492 Aa·
