<?xml version="1.0" encoding="UTF-8"?>
<!DOCTYPE html PUBLIC "-//W3C//DTD XHTML 1.0 Transitional//EN"
    "http://www.w3.org/TR/xhtml1/DTD/xhtml1-transitional.dtd">
<html xmlns="http://www.w3.org/1999/xhtml" xml:lang="en" lang="en">
 <head>
  <title>
</title>
<meta http-equiv="Content-Type" content="text/html;charset=utf-8" />
  <meta name='ocr-system' content='tesseract 3.04.00' />
  <meta name='ocr-capabilities' content='ocr_page ocr_carea ocr_par ocr_line ocrx_word'/>
</head>
<body>
  <div class='ocr_page' id='page_1' title='image "./ciuliicaesarisc00cellgoog_0312.png"; bbox 0 0 2986 5268; ppageno 0'>
   <div class='ocr_carea' id='block_1_1' title="bbox 318 253 1072 354">
    <p class='ocr_par' dir='ltr' id='par_1_1' title="bbox 318 253 1072 354">
     <span class='ocr_line' id='line_1_1' title="bbox 318 253 1072 354; baseline 0.007 -6"><span class='ocrx_word' id='word_1_1' title='bbox 318 253 416 350; x_wconf 64' lang='lat'>2438</span> <span class='ocrx_word' id='word_1_2' title='bbox 690 291 745 350; x_wconf 80' lang='lat' dir='ltr'>nn</span> <span class='ocrx_word' id='word_1_3' title='bbox 781 291 916 350; x_wconf 75' lang='lat' dir='ltr'>nacco</span> <span class='ocrx_word' id='word_1_4' title='bbox 951 291 1072 354; x_wconf 30' lang='lat' dir='ltr'>coiit.</span> 
     </span>
    </p>
   </div>
   <div class='ocr_carea' id='block_1_2' title="bbox 314 493 1429 1872">
    <p class='ocr_par' dir='ltr' id='par_1_2' title="bbox 314 493 1425 1174">
     <span class='ocr_line' id='line_1_2' title="bbox 315 493 1415 598; baseline 0.003 -30"><span class='ocrx_word' id='word_1_5' title='bbox 315 501 434 568; x_wconf 84' lang='lat' dir='ltr'>ratos:</span> <span class='ocrx_word' id='word_1_6' title='bbox 451 493 496 568; x_wconf 88' lang='lat' dir='ltr'>ad</span> <span class='ocrx_word' id='word_1_7' title='bbox 516 494 607 568; x_wconf 82' lang='lat' dir='ltr'>baec</span> <span class='ocrx_word' id='word_1_8' title='bbox 629 495 843 574; x_wconf 83' lang='lat' dir='ltr'>sustinenda</span> <span class='ocrx_word' id='word_1_9' title='bbox 862 521 997 598; x_wconf 84' lang='lat' dir='ltr'>magno</span> <span class='ocrx_word' id='word_1_10' title='bbox 1017 496 1097 570; x_wconf 90' lang='lat' dir='ltr'>usui</span> <span class='ocrx_word' id='word_1_11' title='bbox 1125 495 1234 570; x_wconf 85' lang='lat' dir='ltr'>fuisse</span> <span class='ocrx_word' id='word_1_12' title='bbox 1261 501 1415 571; x_wconf 80' lang='lat' dir='ltr'>tunnen-</span> 
     </span>
     <span class='ocr_line' id='line_1_3' title="bbox 314 611 1416 711; baseline 0.002 -27"><span class='ocrx_word' id='word_1_13' title='bbox 314 619 378 684; x_wconf 86' lang='lat' dir='ltr'>ta:</span> <span class='ocrx_word' id='word_1_14' title='bbox 406 613 564 688; x_wconf 84' lang='lat' dir='ltr'>Fabium</span> <span class='ocrx_word' id='word_1_15' title='bbox 592 611 755 684; x_wconf 87' lang='lat' dir='ltr'>discessu</span> <span class='ocrx_word' id='word_1_16' title='bbox 781 635 937 702; x_wconf 84' lang='lat' dir='ltr'>eorum,</span> <span class='ocrx_word' id='word_1_17' title='bbox 965 615 1108 686; x_wconf 89' lang='lat' dir='ltr'>duabus</span> <span class='ocrx_word' id='word_1_18' title='bbox 1135 611 1274 686; x_wconf 88' lang='lat' dir='ltr'>relictis</span> <span class='ocrx_word' id='word_1_19' title='bbox 1301 617 1416 711; x_wconf 89' lang='lat' dir='ltr'>portis,</span> 
     </span>
     <span class='ocr_line' id='line_1_4' title="bbox 315 727 1420 828; baseline 0.006 -31"><span class='ocrx_word' id='word_1_20' title='bbox 315 732 509 802; x_wconf 85' lang='lat' dir='ltr'>obstruere</span> <span class='ocrx_word' id='word_1_21' title='bbox 546 734 690 802; x_wconf 87' lang='lat' dir='ltr'>ceteras</span> <span class='ocrx_word' id='word_1_22' title='bbox 718 727 937 828; x_wconf 89' lang='lat' dir='ltr'>pluteosque</span> <span class='ocrx_word' id='word_1_23' title='bbox 978 729 1076 803; x_wconf 84' lang='lat' dir='ltr'>vallo</span> <span class='ocrx_word' id='word_1_24' title='bbox 1103 729 1238 802; x_wconf 78' lang='lat' dir='ltr'>addere</span> <span class='ocrx_word' id='word_1_25' title='bbox 1267 737 1306 804; x_wconf 92' lang='lat' dir='ltr'>et</span> <span class='ocrx_word' id='word_1_26' title='bbox 1330 757 1365 803; x_wconf 90' lang='lat' dir='ltr'>se</span> <span class='ocrx_word' id='word_1_27' title='bbox 1390 735 1420 804; x_wconf 92' lang='lat' dir='ltr'>in</span> 
     </span>
     <span class='ocr_line' id='line_1_5' title="bbox 314 844 1419 946; baseline 0.001 -26"><span class='ocrx_word' id='word_1_28' title='bbox 314 852 508 946; x_wconf 84' lang='lat' dir='ltr'>posterum</span> <span class='ocrx_word' id='word_1_29' title='bbox 535 845 633 919; x_wconf 90' lang='lat' dir='ltr'>diem</span> <span class='ocrx_word' id='word_1_30' title='bbox 660 844 818 918; x_wconf 81' lang='lat' dir='ltr'>similem</span> <span class='ocrx_word' id='word_1_31' title='bbox 845 845 891 917; x_wconf 94' lang='lat' dir='ltr'>ad</span> <span class='ocrx_word' id='word_1_32' title='bbox 918 870 1048 918; x_wconf 89' lang='lat' dir='ltr'>casum</span> <span class='ocrx_word' id='word_1_33' title='bbox 1068 871 1209 946; x_wconf 86' lang='lat' dir='ltr'>parare.</span> <span class='ocrx_word' id='word_1_34' title='bbox 1236 849 1306 920; x_wconf 86' lang='lat' dir='ltr'>His</span> <span class='ocrx_word' id='word_1_35' title='bbox 1323 849 1419 921; x_wconf 85' lang='lat' dir='ltr'>rebus</span> 
     </span>
     <span class='ocr_line' id='line_1_6' title="bbox 314 961 1425 1065; baseline 0.001 -29"><span class='ocrx_word' id='word_1_36' title='bbox 314 965 500 1065; x_wconf 78' lang='lat' dir='ltr'>cognitis,</span> <span class='ocrx_word' id='word_1_37' title='bbox 526 961 662 1036; x_wconf 86' lang='lat' dir='ltr'>Caesar</span> <span class='ocrx_word' id='word_1_38' title='bbox 689 985 838 1034; x_wconf 89' lang='lat' dir='ltr'>summo</span> <span class='ocrx_word' id='word_1_39' title='bbox 865 963 991 1036; x_wconf 87' lang='lat' dir='ltr'>studio</span> <span class='ocrx_word' id='word_1_40' title='bbox 1018 963 1182 1040; x_wconf 89' lang='lat' dir='ltr'>militum</span> <span class='ocrx_word' id='word_1_41' title='bbox 1202 972 1293 1038; x_wconf 88' lang='lat' dir='ltr'>ante</span> <span class='ocrx_word' id='word_1_42' title='bbox 1312 973 1425 1040; x_wconf 88' lang='lat' dir='ltr'>ortum</span> 
     </span>
     <span class='ocr_line' id='line_1_7' title="bbox 315 1077 827 1174; baseline -0.002 -25"><span class='ocrx_word' id='word_1_43' title='bbox 315 1077 405 1150; x_wconf 83' lang='lat' dir='ltr'>solis</span> <span class='ocrx_word' id='word_1_44' title='bbox 431 1077 469 1148; x_wconf 92' lang='lat' dir='ltr'>in</span> <span class='ocrx_word' id='word_1_45' title='bbox 498 1083 619 1150; x_wconf 86' lang='lat' dir='ltr'>castra</span> <span class='ocrx_word' id='word_1_46' title='bbox 647 1077 827 1174; x_wconf 80' lang='lat' dir='ltr'>pervenit</span> 
     </span>
    </p>

    <p class='ocr_par' dir='ltr' id='par_1_3' title="bbox 315 1189 1429 1872">
     <span class='ocr_line' id='line_1_8' title="bbox 371 1189 1427 1290; baseline -0.001 -28"><span class='ocrx_word' id='word_1_47' title='bbox 371 1196 433 1279; x_wconf 71' lang='lat'>42.</span> <span class='ocrx_word' id='word_1_48' title='bbox 458 1191 558 1266; x_wconf 87' lang='lat' dir='ltr'>Dum</span> <span class='ocrx_word' id='word_1_49' title='bbox 587 1190 678 1264; x_wconf 85' lang='lat' dir='ltr'>haec</span> <span class='ocrx_word' id='word_1_50' title='bbox 706 1189 752 1260; x_wconf 90' lang='lat' dir='ltr'>ad</span> <span class='ocrx_word' id='word_1_51' title='bbox 781 1189 1006 1290; x_wconf 82' lang='lat' dir='ltr'>Gergoviam</span> <span class='ocrx_word' id='word_1_52' title='bbox 1048 1198 1263 1288; x_wconf 84' lang='lat' dir='ltr'>geruntur,</span> <span class='ocrx_word' id='word_1_53' title='bbox 1299 1189 1427 1273; x_wconf 82' lang='lat' dir='ltr'>Aedui,</span> 
     </span>
     <span class='ocr_line' id='line_1_9' title="bbox 315 1305 1428 1408; baseline -0.003 -28"><span class='ocrx_word' id='word_1_54' title='bbox 315 1309 446 1408; x_wconf 85' lang='lat' dir='ltr'>primis</span> <span class='ocrx_word' id='word_1_55' title='bbox 474 1307 619 1384; x_wconf 88' lang='lat' dir='ltr'>nunciis</span> <span class='ocrx_word' id='word_1_56' title='bbox 647 1307 693 1380; x_wconf 91' lang='lat' dir='ltr'>ab</span> <span class='ocrx_word' id='word_1_57' title='bbox 720 1307 895 1380; x_wconf 85' lang='lat' dir='ltr'>Litavico</span> <span class='ocrx_word' id='word_1_58' title='bbox 914 1308 1102 1402; x_wconf 85' lang='lat' dir='ltr'>acceptis,</span> <span class='ocrx_word' id='word_1_59' title='bbox 1130 1307 1280 1380; x_wconf 91' lang='lat' dir='ltr'>nullum</span> <span class='ocrx_word' id='word_1_60' title='bbox 1306 1307 1370 1379; x_wconf 90' lang='lat' dir='ltr'>sibi</span> <span class='ocrx_word' id='word_1_61' title='bbox 1391 1305 1428 1378; x_wconf 88' lang='lat' dir='ltr'>ad</span> 
     </span>
     <span class='ocr_line' id='line_1_10' title="bbox 315 1421 1429 1525; baseline -0.004 -27"><span class='ocrx_word' id='word_1_62' title='bbox 315 1423 620 1525; x_wconf 84' lang='lat' dir='ltr'>cognoscendum</span> <span class='ocrx_word' id='word_1_63' title='bbox 638 1424 800 1522; x_wconf 88' lang='lat' dir='ltr'>spatium</span> <span class='ocrx_word' id='word_1_64' title='bbox 817 1421 1043 1519; x_wconf 81' lang='lat' dir='ltr'>relinquunt.</span> <span class='ocrx_word' id='word_1_65' title='bbox 1067 1423 1219 1524; x_wconf 89' lang='lat' dir='ltr'>Inpellit</span> <span class='ocrx_word' id='word_1_66' title='bbox 1240 1424 1333 1498; x_wconf 88' lang='lat' dir='ltr'>alios</span> <span class='ocrx_word' id='word_1_67' title='bbox 1349 1448 1429 1495; x_wconf 86' lang='lat' dir='ltr'>ava-</span> 
     </span>
     <span class='ocr_line' id='line_1_11' title="bbox 315 1540 1427 1638; baseline -0.003 -23"><span class='ocrx_word' id='word_1_68' title='bbox 315 1545 424 1634; x_wconf 87' lang='lat' dir='ltr'>ritia,</span> <span class='ocrx_word' id='word_1_69' title='bbox 450 1543 542 1616; x_wconf 88' lang='lat' dir='ltr'>alios</span> <span class='ocrx_word' id='word_1_70' title='bbox 570 1541 760 1616; x_wconf 84' lang='lat' dir='ltr'>iracundia</span> <span class='ocrx_word' id='word_1_71' title='bbox 786 1545 825 1612; x_wconf 92' lang='lat' dir='ltr'>et</span> <span class='ocrx_word' id='word_1_72' title='bbox 851 1540 1061 1630; x_wconf 79' lang='lat' dir='ltr'>temeritas,</span> <span class='ocrx_word' id='word_1_73' title='bbox 1087 1564 1182 1638; x_wconf 85' lang='lat' dir='ltr'>quae</span> <span class='ocrx_word' id='word_1_74' title='bbox 1202 1544 1365 1616; x_wconf 86' lang='lat' dir='ltr'>maxime</span> <span class='ocrx_word' id='word_1_75' title='bbox 1383 1540 1427 1612; x_wconf 91' lang='lat' dir='ltr'>illi</span> 
     </span>
     <span class='ocr_line' id='line_1_12' title="bbox 316 1653 1429 1755; baseline -0.001 -27"><span class='ocrx_word' id='word_1_76' title='bbox 316 1658 512 1732; x_wconf 79' lang='lat' dir='ltr'>liomin&#39;um</span> <span class='ocrx_word' id='word_1_77' title='bbox 539 1657 663 1755; x_wconf 84' lang='lat' dir='ltr'>generi</span> <span class='ocrx_word' id='word_1_78' title='bbox 691 1661 747 1728; x_wconf 84' lang='lat' dir='ltr'>est</span> <span class='ocrx_word' id='word_1_79' title='bbox 786 1656 943 1744; x_wconf 89' lang='lat' dir='ltr'>innata,</span> <span class='ocrx_word' id='word_1_80' title='bbox 982 1661 1026 1726; x_wconf 91' lang='lat' dir='ltr'>ut</span> <span class='ocrx_word' id='word_1_81' title='bbox 1056 1653 1177 1728; x_wconf 87' lang='lat' dir='ltr'>levem</span> <span class='ocrx_word' id='word_1_82' title='bbox 1206 1657 1429 1730; x_wconf 77' lang='lat' dir='ltr'>auditionem</span> 
     </span>
     <span class='ocr_line' id='line_1_13' title="bbox 315 1771 1423 1872; baseline -0.005 -27"><span class='ocrx_word' id='word_1_83' title='bbox 315 1773 480 1845; x_wconf 86' lang='lat' dir='ltr'>habeant</span> <span class='ocrx_word' id='word_1_84' title='bbox 506 1795 631 1872; x_wconf 84' lang='lat' dir='ltr'>prore</span> <span class='ocrx_word' id='word_1_85' title='bbox 657 1776 863 1870; x_wconf 86' lang='lat' dir='ltr'>comperta.</span> <span class='ocrx_word' id='word_1_86' title='bbox 888 1771 993 1844; x_wconf 88' lang='lat' dir='ltr'>Bona</span> <span class='ocrx_word' id='word_1_87' title='bbox 1011 1772 1151 1844; x_wconf 88' lang='lat' dir='ltr'>civium</span> <span class='ocrx_word' id='word_1_88' title='bbox 1171 1773 1423 1848; x_wconf 84' lang='lat' dir='ltr'>Romanorum</span> 
     </span>
    </p>
   </div>
   <div class='ocr_carea' id='block_1_3' title="bbox 166 1882 1427 1987">
    <p class='ocr_par' dir='ltr' id='par_1_4' title="bbox 166 1882 1427 1987">
     <span class='ocr_line' id='line_1_14' title="bbox 166 1882 1427 1987; baseline 0.001 -26"><span class='ocrx_word' id='word_1_89' title='bbox 166 1965 168 1972; x_wconf 72' lang='grc'>,</span> <span class='ocrx_word' id='word_1_90' title='bbox 231 1965 236 1970; x_wconf 74' lang='grc'><em>,</em></span> <span class='ocrx_word' id='word_1_91' title='bbox 317 1888 513 1987; x_wconf 84' lang='lat' dir='ltr'>diripiunt,</span> <span class='ocrx_word' id='word_1_92' title='bbox 540 1887 670 1960; x_wconf 88' lang='lat' dir='ltr'>caedes</span> <span class='ocrx_word' id='word_1_93' title='bbox 697 1882 861 1975; x_wconf 78' lang='lat' dir='ltr'>iaciunt,</span> <span class='ocrx_word' id='word_1_94' title='bbox 887 1887 925 1960; x_wconf 90' lang='lat' dir='ltr'>in</span> <span class='ocrx_word' id='word_1_95' title='bbox 952 1890 1172 1962; x_wconf 84' lang='lat' dir='ltr'>servitutem</span> <span class='ocrx_word' id='word_1_96' title='bbox 1201 1891 1427 1964; x_wconf 83' lang='lat' dir='ltr'>abstrabunt.</span> 
     </span>
    </p>
   </div>
   <div class='ocr_carea' id='block_1_4' title="bbox 315 2000 1431 3716">
    <p class='ocr_par' dir='ltr' id='par_1_5' title="bbox 315 2000 1431 3110">
     <span class='ocr_line' id='line_1_15' title="bbox 315 2000 1426 2102; baseline -0.007 -22"><span class='ocrx_word' id='word_1_97' title='bbox 315 2004 486 2080; x_wconf 82' lang='lat' dir='ltr'>Adiuvat</span> <span class='ocrx_word' id='word_1_98' title='bbox 512 2027 591 2077; x_wconf 87' lang='lat' dir='ltr'>rem</span> <span class='ocrx_word' id='word_1_99' title='bbox 619 2000 865 2102; x_wconf 78' lang='lat' dir='ltr'>proclinatam</span> <span class='ocrx_word' id='word_1_100' title='bbox 883 2001 1194 2076; x_wconf 81' lang='lat' dir='ltr'>Convictolitanis</span> <span class='ocrx_word' id='word_1_101' title='bbox 1218 2004 1426 2102; x_wconf 85' lang='lat' dir='ltr'>plebemque</span> 
     </span>
     <span class='ocr_line' id='line_1_16' title="bbox 319 2115 1428 2214; baseline -0.005 -24"><span class='ocrx_word' id='word_1_102' title='bbox 319 2117 366 2190; x_wconf 87' lang='lat' dir='ltr'>ad</span> <span class='ocrx_word' id='word_1_103' title='bbox 394 2118 559 2194; x_wconf 84' lang='lat' dir='ltr'>furorem</span> <span class='ocrx_word' id='word_1_104' title='bbox 577 2116 745 2214; x_wconf 85' lang='lat' dir='ltr'>inpellit,</span> <span class='ocrx_word' id='word_1_105' title='bbox 770 2122 839 2205; x_wconf 89' lang='lat' dir='ltr'>ut,</span> <span class='ocrx_word' id='word_1_106' title='bbox 866 2115 1028 2188; x_wconf 87' lang='lat' dir='ltr'>facinore</span> <span class='ocrx_word' id='word_1_107' title='bbox 1055 2117 1243 2206; x_wconf 84' lang='lat' dir='ltr'>admisse,</span> <span class='ocrx_word' id='word_1_108' title='bbox 1273 2118 1320 2192; x_wconf 90' lang='lat' dir='ltr'>ad</span> <span class='ocrx_word' id='word_1_109' title='bbox 1346 2115 1428 2188; x_wconf 76' lang='lat' dir='ltr'>sani-</span> 
     </span>
     <span class='ocr_line' id='line_1_17' title="bbox 316 2228 1428 2330; baseline -0.005 -27"><span class='ocrx_word' id='word_1_110' title='bbox 316 2236 434 2306; x_wconf 86' lang='lat' dir='ltr'>tatem</span> <span class='ocrx_word' id='word_1_111' title='bbox 461 2231 600 2330; x_wconf 86' lang='lat' dir='ltr'>pudeat</span> <span class='ocrx_word' id='word_1_112' title='bbox 625 2233 776 2304; x_wconf 90' lang='lat' dir='ltr'>reverti.</span> <span class='ocrx_word' id='word_1_113' title='bbox 810 2231 863 2302; x_wconf 91' lang='lat' dir='ltr'>M.</span> <span class='ocrx_word' id='word_1_114' title='bbox 892 2231 1071 2304; x_wconf 82' lang='lat' dir='ltr'>Aristium</span> <span class='ocrx_word' id='word_1_115' title='bbox 1099 2232 1316 2304; x_wconf 90' lang='lat' dir='ltr'>Tribunum</span> <span class='ocrx_word' id='word_1_116' title='bbox 1343 2228 1428 2301; x_wconf 89' lang='lat' dir='ltr'>mili-</span> 
     </span>
     <span class='ocr_line' id='line_1_18' title="bbox 315 2341 1429 2444; baseline -0.005 -26"><span class='ocrx_word' id='word_1_117' title='bbox 315 2350 427 2434; x_wconf 87' lang='lat' dir='ltr'>tum,</span> <span class='ocrx_word' id='word_1_118' title='bbox 454 2347 529 2428; x_wconf 67' lang='lat' dir='ltr'>iter,</span> <span class='ocrx_word' id='word_1_119' title='bbox 553 2345 599 2418; x_wconf 89' lang='lat' dir='ltr'>ad</span> <span class='ocrx_word' id='word_1_120' title='bbox 626 2344 811 2444; x_wconf 83' lang='lat' dir='ltr'>legionem</span> <span class='ocrx_word' id='word_1_121' title='bbox 836 2341 1065 2433; x_wconf 83' lang='lat' dir='ltr'>facientem,</span> <span class='ocrx_word' id='word_1_122' title='bbox 1091 2343 1179 2418; x_wconf 86' lang='lat' dir='ltr'>data</span> <span class='ocrx_word' id='word_1_123' title='bbox 1205 2345 1281 2418; x_wconf 87' lang='lat' dir='ltr'>tide</span> <span class='ocrx_word' id='word_1_124' title='bbox 1300 2367 1345 2420; x_wconf 81' lang='lat' dir='ltr'>ex</span> <span class='ocrx_word' id='word_1_125' title='bbox 1370 2365 1429 2438; x_wconf 63' lang='lat' dir='ltr'>op«</span> 
     </span>
     <span class='ocr_line' id='line_1_19' title="bbox 316 2461 1431 2561; baseline -0.005 -29"><span class='ocrx_word' id='word_1_126' title='bbox 316 2462 404 2559; x_wconf 90' lang='lat' dir='ltr'>pido</span> <span class='ocrx_word' id='word_1_127' title='bbox 430 2461 624 2540; x_wconf 90' lang='lat' dir='ltr'>Cabillono</span> <span class='ocrx_word' id='word_1_128' title='bbox 650 2461 842 2534; x_wconf 84' lang='lat' dir='ltr'>educunt:</span> <span class='ocrx_word' id='word_1_129' title='bbox 883 2461 983 2534; x_wconf 89' lang='lat' dir='ltr'>idem</span> <span class='ocrx_word' id='word_1_130' title='bbox 1023 2461 1144 2535; x_wconf 83' lang='lat' dir='ltr'>locere</span> <span class='ocrx_word' id='word_1_131' title='bbox 1170 2465 1317 2561; x_wconf 84' lang='lat' dir='ltr'>cogunt</span> <span class='ocrx_word' id='word_1_132' title='bbox 1351 2481 1431 2542; x_wconf 91' lang='lat' dir='ltr'>eos,</span> 
     </span>
     <span class='ocr_line' id='line_1_20' title="bbox 317 2578 1427 2677; baseline -0.005 -27"><span class='ocrx_word' id='word_1_133' title='bbox 317 2580 383 2674; x_wconf 80' lang='lat' dir='ltr'>qui</span> <span class='ocrx_word' id='word_1_134' title='bbox 412 2578 625 2677; x_wconf 82' lang='lat' dir='ltr'>negotiandi</span> <span class='ocrx_word' id='word_1_135' title='bbox 654 2603 783 2651; x_wconf 84' lang='lat' dir='ltr'>caussa</span> <span class='ocrx_word' id='word_1_136' title='bbox 802 2578 851 2650; x_wconf 90' lang='lat' dir='ltr'>ibi</span> <span class='ocrx_word' id='word_1_137' title='bbox 872 2579 1133 2652; x_wconf 84' lang='lat' dir='ltr'>constiterant.</span> <span class='ocrx_word' id='word_1_138' title='bbox 1151 2579 1230 2650; x_wconf 85' lang='lat' dir='ltr'>llos</span> <span class='ocrx_word' id='word_1_139' title='bbox 1260 2579 1427 2651; x_wconf 90' lang='lat' dir='ltr'>continuo</span> 
     </span>
     <span class='ocr_line' id='line_1_21' title="bbox 317 2689 1428 2792; baseline -0.004 -30"><span class='ocrx_word' id='word_1_140' title='bbox 317 2691 357 2792; x_wconf 85' lang='lat' dir='ltr'>in</span> <span class='ocrx_word' id='word_1_141' title='bbox 389 2692 522 2764; x_wconf 88' lang='lat' dir='ltr'>itinere</span> <span class='ocrx_word' id='word_1_142' title='bbox 541 2691 683 2780; x_wconf 88' lang='lat' dir='ltr'>adorti,</span> <span class='ocrx_word' id='word_1_143' title='bbox 713 2692 885 2766; x_wconf 87' lang='lat' dir='ltr'>omnibus</span> <span class='ocrx_word' id='word_1_144' title='bbox 904 2689 1163 2790; x_wconf 88' lang='lat' dir='ltr'>inpedimentis</span> <span class='ocrx_word' id='word_1_145' title='bbox 1181 2699 1352 2775; x_wconf 83' lang='lat' dir='ltr'>exuunt;</span> <span class='ocrx_word' id='word_1_146' title='bbox 1379 2713 1428 2759; x_wconf 87' lang='lat' dir='ltr'>re-</span> 
     </span>
     <span class='ocr_line' id='line_1_22' title="bbox 318 2805 1428 2906; baseline -0.004 -31"><span class='ocrx_word' id='word_1_147' title='bbox 318 2811 529 2904; x_wconf 83' lang='lat' dir='ltr'>pugnantes</span> <span class='ocrx_word' id='word_1_148' title='bbox 556 2805 654 2880; x_wconf 87' lang='lat' dir='ltr'>diem</span> <span class='ocrx_word' id='word_1_149' title='bbox 682 2811 906 2906; x_wconf 82' lang='lat' dir='ltr'>noctemque</span> <span class='ocrx_word' id='word_1_150' title='bbox 935 2805 1131 2892; x_wconf 88' lang='lat' dir='ltr'>obsident;</span> <span class='ocrx_word' id='word_1_151' title='bbox 1159 2807 1291 2877; x_wconf 88' lang='lat' dir='ltr'>multis</span> <span class='ocrx_word' id='word_1_152' title='bbox 1311 2805 1428 2877; x_wconf 79' lang='lat' dir='ltr'>utrim</span> 
     </span>
     <span class='ocr_line' id='line_1_23' title="bbox 320 2921 1428 3020; baseline -0.002 -29"><span class='ocrx_word' id='word_1_153' title='bbox 320 2943 392 3016; x_wconf 80' lang='lat' dir='ltr'>que</span> <span class='ocrx_word' id='word_1_154' title='bbox 417 2921 648 3010; x_wconf 83' lang='lat' dir='ltr'>interfectis,</span> <span class='ocrx_word' id='word_1_155' title='bbox 676 2922 855 3020; x_wconf 84' lang='lat' dir='ltr'>maiorem</span> <span class='ocrx_word' id='word_1_156' title='bbox 873 2921 1153 3002; x_wconf 87' lang='lat' dir='ltr'>multitudinem</span> <span class='ocrx_word' id='word_1_157' title='bbox 1172 2922 1219 2994; x_wconf 89' lang='lat' dir='ltr'>ad</span> <span class='ocrx_word' id='word_1_158' title='bbox 1229 2947 1336 2998; x_wconf 85' lang='lat' dir='ltr'>arma</span> <span class='ocrx_word' id='word_1_159' title='bbox 1348 2942 1428 2994; x_wconf 58' lang='lat' dir='ltr'>cona</span> 
     </span>
     <span class='ocr_line' id='line_1_24' title="bbox 322 3037 455 3110; baseline -0.008 0"><span class='ocrx_word' id='word_1_160' title='bbox 322 3037 455 3110; x_wconf 86' lang='lat' dir='ltr'>citant.</span> 
     </span>
    </p>

    <p class='ocr_par' dir='ltr' id='par_1_6' title="bbox 320 3150 1428 3716">
     <span class='ocr_line' id='line_1_25' title="bbox 371 3150 1428 3242; baseline -0.009 -16"><span class='ocrx_word' id='word_1_161' title='bbox 371 3150 431 3242; x_wconf 62' lang='lat'>43</span> <span class='ocrx_word' id='word_1_162' title='bbox 459 3153 611 3226; x_wconf 89' lang='lat' dir='ltr'>Interim</span> <span class='ocrx_word' id='word_1_163' title='bbox 639 3153 777 3226; x_wconf 91' lang='lat' dir='ltr'>nunoio</span> <span class='ocrx_word' id='word_1_164' title='bbox 805 3152 956 3241; x_wconf 85' lang='lat' dir='ltr'>adlato,</span> <span class='ocrx_word' id='word_1_165' title='bbox 992 3178 1121 3226; x_wconf 88' lang='lat' dir='ltr'>omnes</span> <span class='ocrx_word' id='word_1_166' title='bbox 1147 3159 1277 3230; x_wconf 60' lang='lat' dir='ltr'>eumn</span> <span class='ocrx_word' id='word_1_167' title='bbox 1305 3151 1428 3224; x_wconf 87' lang='lat' dir='ltr'>milites</span> 
     </span>
     <span class='ocr_line' id='line_1_26' title="bbox 320 3253 1426 3372; baseline -0.006 -31"><span class='ocrx_word' id='word_1_168' title='bbox 320 3272 358 3342; x_wconf 91' lang='lat' dir='ltr'>in</span> <span class='ocrx_word' id='word_1_169' title='bbox 385 3265 571 3367; x_wconf 87' lang='lat' dir='ltr'>potestate</span> <span class='ocrx_word' id='word_1_170' title='bbox 590 3269 759 3344; x_wconf 83' lang='lat' dir='ltr'>Caesaris</span> <span class='ocrx_word' id='word_1_171' title='bbox 778 3271 915 3356; x_wconf 88' lang='lat' dir='ltr'>teneri,</span> <span class='ocrx_word' id='word_1_172' title='bbox 932 3279 1162 3372; x_wconf 81' lang='lat' dir='ltr'>concurrunt</span> <span class='ocrx_word' id='word_1_173' title='bbox 1179 3273 1224 3344; x_wconf 93' lang='lat' dir='ltr'>ad</span> <span class='ocrx_word' id='word_1_174' title='bbox 1240 3253 1426 3348; x_wconf 70' lang='lat' dir='ltr'>bristiunn</span> 
     </span>
     <span class='ocr_line' id='line_1_27' title="bbox 320 3383 1428 3485; baseline -0.013 -21"><span class='ocrx_word' id='word_1_175' title='bbox 320 3385 412 3464; x_wconf 87' lang='lat' dir='ltr'>nibil</span> <span class='ocrx_word' id='word_1_176' title='bbox 437 3386 587 3485; x_wconf 86' lang='lat' dir='ltr'>publico</span> <span class='ocrx_word' id='word_1_177' title='bbox 615 3386 758 3459; x_wconf 84' lang='lat' dir='ltr'>factum</span> <span class='ocrx_word' id='word_1_178' title='bbox 777 3383 931 3455; x_wconf 90' lang='lat' dir='ltr'>consilio</span> <span class='ocrx_word' id='word_1_179' title='bbox 947 3387 1227 3471; x_wconf 84' lang='lat' dir='ltr'>demonstrant;</span> <span class='ocrx_word' id='word_1_180' title='bbox 1255 3383 1428 3485; x_wconf 87' lang='lat' dir='ltr'>quaestio-</span> 
     </span>
     <span class='ocr_line' id='line_1_28' title="bbox 322 3496 1428 3596; baseline -0.011 -24"><span class='ocrx_word' id='word_1_181' title='bbox 322 3525 405 3572; x_wconf 89' lang='lat' dir='ltr'>nem</span> <span class='ocrx_word' id='word_1_182' title='bbox 434 3502 479 3572; x_wconf 89' lang='lat' dir='ltr'>de</span> <span class='ocrx_word' id='word_1_183' title='bbox 506 3500 612 3572; x_wconf 91' lang='lat' dir='ltr'>bonis</span> <span class='ocrx_word' id='word_1_184' title='bbox 638 3496 793 3596; x_wconf 89' lang='lat' dir='ltr'>direptis</span> <span class='ocrx_word' id='word_1_185' title='bbox 819 3499 1051 3585; x_wconf 85' lang='lat' dir='ltr'>decernunt;</span> <span class='ocrx_word' id='word_1_186' title='bbox 1079 3501 1237 3573; x_wconf 82' lang='lat' dir='ltr'>Litavici</span> <span class='ocrx_word' id='word_1_187' title='bbox 1265 3501 1428 3574; x_wconf 76' lang='lat' dir='ltr'>fratrum-</span> 
     </span>
     <span class='ocr_line' id='line_1_29' title="bbox 322 3613 1427 3716; baseline -0.006 -29"><span class='ocrx_word' id='word_1_188' title='bbox 322 3637 393 3710; x_wconf 87' lang='lat' dir='ltr'>que</span> <span class='ocrx_word' id='word_1_189' title='bbox 420 3613 518 3691; x_wconf 87' lang='lat' dir='ltr'>bona</span> <span class='ocrx_word' id='word_1_190' title='bbox 546 3613 765 3713; x_wconf 84' lang='lat' dir='ltr'>publicant:</span> <span class='ocrx_word' id='word_1_191' title='bbox 806 3613 949 3716; x_wconf 84' lang='lat' dir='ltr'>legatos</span> <span class='ocrx_word' id='word_1_192' title='bbox 975 3614 1022 3690; x_wconf 93' lang='lat' dir='ltr'>ad</span> <span class='ocrx_word' id='word_1_193' title='bbox 1048 3617 1244 3691; x_wconf 84' lang='lat' dir='ltr'>Caesarem</span> <span class='ocrx_word' id='word_1_194' title='bbox 1273 3615 1327 3686; x_wconf 86' lang='lat' dir='ltr'>sui</span> <span class='ocrx_word' id='word_1_195' title='bbox 1353 3631 1427 3708; x_wconf 84' lang='lat' dir='ltr'>pur·</span> 
     </span>
    </p>
   </div>
   <div class='ocr_carea' id='block_1_5' title="bbox 321 3861 1426 4415">
    <p class='ocr_par' dir='ltr' id='par_1_7' title="bbox 321 3861 1426 4257">
     <span class='ocr_line' id='line_1_30' title="bbox 356 3861 1426 3942; baseline -0.006 -21"><span class='ocrx_word' id='word_1_196' title='bbox 356 3881 493 3921; x_wconf 77' lang='lat' dir='ltr'>tormento.</span> <span class='ocrx_word' id='word_1_197' title='bbox 511 3866 543 3922; x_wconf 86' lang='lat' dir='ltr'>Si</span> <span class='ocrx_word' id='word_1_198' title='bbox 559 3883 614 3920; x_wconf 81' lang='lat' dir='ltr'>non</span> <span class='ocrx_word' id='word_1_199' title='bbox 631 3865 791 3928; x_wconf 73' lang='lat' dir='ltr'>necessarie,</span> <span class='ocrx_word' id='word_1_200' title='bbox 810 3866 850 3917; x_wconf 86' lang='lat' dir='ltr'>in·</span> <span class='ocrx_word' id='word_1_201' title='bbox 951 3871 1048 3922; x_wconf 77' lang='lat' dir='ltr'>nunciis</span> <span class='ocrx_word' id='word_1_202' title='bbox 1066 3872 1183 3942; x_wconf 75' lang='lat' dir='ltr'>acceptis.</span> <span class='ocrx_word' id='word_1_203' title='bbox 1202 3867 1256 3922; x_wconf 83' lang='lat' dir='ltr'>Hos</span> <span class='ocrx_word' id='word_1_204' title='bbox 1275 3869 1375 3920; x_wconf 84' lang='lat' dir='ltr'>miserat</span> <span class='ocrx_word' id='word_1_205' title='bbox 1389 3861 1426 3912; x_wconf 85' lang='lat' dir='ltr'>Li·</span> 
     </span>
     <span class='ocr_line' id='line_1_31' title="bbox 321 3933 1414 4004; baseline -0.002 -16"><span class='ocrx_word' id='word_1_206' title='bbox 321 3937 427 4004; x_wconf 64' lang='lat' dir='ltr'>peniosa</span> <span class='ocrx_word' id='word_1_207' title='bbox 446 3943 535 3990; x_wconf 63' lang='lat' dir='ltr'>nmen</span> <span class='ocrx_word' id='word_1_208' title='bbox 558 3942 600 3986; x_wconf 80' lang='lat' dir='ltr'>eat</span> <span class='ocrx_word' id='word_1_209' title='bbox 621 3933 772 3987; x_wconf 80' lang='lat' dir='ltr'>emandatlo</span> <span class='ocrx_word' id='word_1_210' title='bbox 797 3935 851 3985; x_wconf 65' lang='lat' dir='ltr'>llo«</span> <span class='ocrx_word' id='word_1_211' title='bbox 917 3937 1023 3990; x_wconf 73' lang='lat' dir='ltr'>lonicus.</span> <span class='ocrx_word' id='word_1_212' title='bbox 1041 3953 1066 3988; x_wconf 76' lang='lat' dir='ltr'>v.</span> <span class='ocrx_word' id='word_1_213' title='bbox 1084 3953 1106 3987; x_wconf 89' lang='lat' dir='ltr'>c.</span> <span class='ocrx_word' id='word_1_214' title='bbox 1125 3935 1157 3988; x_wconf 82' lang='grc'>38</span> <span class='ocrx_word' id='word_1_215' title='bbox 1175 3945 1241 3987; x_wconf 72' lang='lat' dir='ltr'>extr.</span> <span class='ocrx_word' id='word_1_216' title='bbox 1259 3937 1295 3986; x_wconf 86' lang='grc' dir='ltr'>Μ.</span> <span class='ocrx_word' id='word_1_217' title='bbox 1411 3995 1414 4002; x_wconf 42' lang='grc'>,</span> 
     </span>
     <span class='ocr_line' id='line_1_32' title="bbox 324 3997 1426 4074; baseline 0.001 -21"><span class='ocrx_word' id='word_1_218' title='bbox 324 4003 457 4062; x_wconf 76' lang='lat' dir='ltr'>totarum,</span> <span class='ocrx_word' id='word_1_219' title='bbox 481 4003 527 4074; x_wconf 82' lang='lat' dir='ltr'>qui</span> <span class='ocrx_word' id='word_1_220' title='bbox 554 4013 667 4050; x_wconf 78' lang='lat' dir='ltr'>tomento</span> <span class='ocrx_word' id='word_1_221' title='bbox 689 3997 739 4069; x_wconf 75' lang='lat' dir='ltr'>legi</span> <span class='ocrx_word' id='word_1_222' title='bbox 766 4001 849 4054; x_wconf 81' lang='lat' dir='ltr'>malit.</span> <span class='ocrx_word' id='word_1_223' title='bbox 951 4001 1068 4052; x_wconf 67' lang='lat' dir='ltr'>laodamia.</span> <span class='ocrx_word' id='word_1_224' title='bbox 1087 4003 1141 4056; x_wconf 80' lang='lat' dir='ltr'>Alii</span> <span class='ocrx_word' id='word_1_225' title='bbox 1159 4002 1262 4054; x_wconf 79' lang='lat' dir='ltr'>liabent.</span> <span class='ocrx_word' id='word_1_226' title='bbox 1283 4003 1329 4056; x_wconf 77' lang='lat' dir='ltr'>ste</span> <span class='ocrx_word' id='word_1_227' title='bbox 1344 4011 1368 4050; x_wconf 77' lang='lat' dir='ltr'>ut</span> <span class='ocrx_word' id='word_1_228' title='bbox 1384 4002 1426 4046; x_wconf 72' lang='lat' dir='ltr'>essl</span> 
     </span>
     <span class='ocr_line' id='line_1_33' title="bbox 322 4063 1424 4135; baseline -0.005 -13"><span class='ocrx_word' id='word_1_229' title='bbox 322 4068 469 4128; x_wconf 77' lang='lat' dir='ltr'>Confirmat</span> <span class='ocrx_word' id='word_1_230' title='bbox 480 4067 538 4122; x_wconf 88' lang='lat' dir='ltr'>loco</span> <span class='ocrx_word' id='word_1_231' title='bbox 551 4067 625 4122; x_wconf 81' lang='lat' dir='ltr'>valde</span> <span class='ocrx_word' id='word_1_232' title='bbox 638 4067 731 4125; x_wconf 85' lang='lat' dir='ltr'>simili.</span> <span class='ocrx_word' id='word_1_233' title='bbox 748 4091 760 4118; x_wconf 84' lang='lat' dir='ltr'>c</span> <span class='ocrx_word' id='word_1_234' title='bbox 775 4068 849 4119; x_wconf 67' lang='lat' dir='ltr'>libris</span> <span class='ocrx_word' id='word_1_235' title='bbox 916 4067 1071 4121; x_wconf 83' lang='lat' dir='ltr'>adverbium</span> <span class='ocrx_word' id='word_1_236' title='bbox 1083 4069 1277 4124; x_wconf 81' lang='lat' dir='ltr'>similitudinis.</span> <span class='ocrx_word' id='word_1_237' title='bbox 1295 4065 1372 4135; x_wconf 75' lang='lat' dir='ltr'>Vulgo</span> <span class='ocrx_word' id='word_1_238' title='bbox 1382 4063 1424 4112; x_wconf 76' lang='lat' dir='ltr'>ln·</span> 
     </span>
     <span class='ocr_line' id='line_1_34' title="bbox 323 4133 1075 4200; baseline -0.003 -13"><span class='ocrx_word' id='word_1_239' title='bbox 323 4135 356 4187; x_wconf 82' lang='lat' dir='ltr'>de</span> <span class='ocrx_word' id='word_1_240' title='bbox 373 4135 399 4187; x_wconf 83' lang='grc' dir='ltr'>Β.</span> <span class='ocrx_word' id='word_1_241' title='bbox 418 4135 478 4189; x_wconf 84' lang='lat' dir='ltr'>Civ.</span> <span class='ocrx_word' id='word_1_242' title='bbox 496 4133 524 4196; x_wconf 84' lang='grc'>3,</span> <span class='ocrx_word' id='word_1_243' title='bbox 544 4143 585 4200; x_wconf 70' lang='grc'>44.</span> <span class='ocrx_word' id='word_1_244' title='bbox 603 4143 668 4186; x_wconf 82' lang='lat' dir='ltr'>extr.</span> <span class='ocrx_word' id='word_1_245' title='bbox 701 4135 744 4187; x_wconf 88' lang='lat' dir='ltr'>M.</span> <span class='ocrx_word' id='word_1_246' title='bbox 774 4133 850 4188; x_wconf 84' lang='lat' dir='ltr'>Nihil</span> <span class='ocrx_word' id='word_1_247' title='bbox 917 4135 981 4186; x_wconf 79' lang='lat' dir='ltr'>beot.</span> <span class='ocrx_word' id='word_1_248' title='bbox 1074 4147 1075 4150; x_wconf 77' lang='grc'>’</span> 
     </span>
     <span class='ocr_line' id='line_1_35' title="bbox 324 4194 1423 4257; baseline -0.004 -3"><span class='ocrx_word' id='word_1_249' title='bbox 324 4202 368 4256; x_wconf 88' lang='lat' dir='ltr'>bic</span> <span class='ocrx_word' id='word_1_250' title='bbox 385 4203 452 4253; x_wconf 78' lang='lat' dir='ltr'>saul.</span> <span class='ocrx_word' id='word_1_251' title='bbox 910 4247 911 4254; x_wconf 71' lang='grc'>,</span> <span class='ocrx_word' id='word_1_252' title='bbox 952 4201 1094 4254; x_wconf 81' lang='lat' dir='ltr'>Cabillono.</span> <span class='ocrx_word' id='word_1_253' title='bbox 1117 4201 1187 4254; x_wconf 81' lang='lat' dir='ltr'>Male</span> <span class='ocrx_word' id='word_1_254' title='bbox 1205 4203 1294 4257; x_wconf 86' lang='lat' dir='ltr'>Surita</span> <span class='ocrx_word' id='word_1_255' title='bbox 1311 4194 1423 4254; x_wconf 71' lang='lat' dir='ltr'>nilico·</span> 
     </span>
    </p>

    <p class='ocr_par' dir='ltr' id='par_1_8' title="bbox 324 4265 1422 4415">
     <span class='ocr_line' id='line_1_36' title="bbox 355 4265 1422 4335; baseline 0.004 -17"><span class='ocrx_word' id='word_1_256' title='bbox 355 4268 465 4335; x_wconf 78' lang='lat' dir='ltr'>pluteos.</span> <span class='ocrx_word' id='word_1_257' title='bbox 483 4265 544 4320; x_wconf 75' lang='lat' dir='ltr'>vid.</span> <span class='ocrx_word' id='word_1_258' title='bbox 562 4266 623 4322; x_wconf 82' lang='lat' dir='ltr'>lud·</span> <span class='ocrx_word' id='word_1_259' title='bbox 641 4269 680 4322; x_wconf 73' lang='lat' dir='ltr'>u.</span> <span class='ocrx_word' id='word_1_260' title='bbox 699 4267 852 4324; x_wconf 67' lang='lat' dir='ltr'>Saturum·</span> <span class='ocrx_word' id='word_1_261' title='bbox 916 4268 1031 4319; x_wconf 61' lang='lat' dir='ltr'>tellinae.</span> <span class='ocrx_word' id='word_1_262' title='bbox 1061 4267 1121 4320; x_wconf 78' lang='lat' dir='ltr'>t&#39;id.</span> <span class='ocrx_word' id='word_1_263' title='bbox 1140 4269 1179 4320; x_wconf 87' lang='lat' dir='ltr'>W</span> <span class='ocrx_word' id='word_1_264' title='bbox 1182 4271 1255 4326; x_wconf 80' lang='lat' dir='ltr'>cssel.</span> <span class='ocrx_word' id='word_1_265' title='bbox 1279 4270 1314 4325; x_wconf 76' lang='lat' dir='ltr'>ud</span> <span class='ocrx_word' id='word_1_266' title='bbox 1336 4269 1422 4322; x_wconf 72' lang='lat' dir='ltr'>Anton-</span> 
     </span>
     <span class='ocr_line' id='line_1_37' title="bbox 324 4333 1168 4415; baseline 0.005 -27"><span class='ocrx_word' id='word_1_267' title='bbox 324 4347 378 4402; x_wconf 59' lang='lat' dir='ltr'>dssrp</span> <span class='ocrx_word' id='word_1_268' title='bbox 396 4333 539 4391; x_wconf 59' lang='lat' dir='ltr'>manmena</span> <span class='ocrx_word' id='word_1_269' title='bbox 917 4337 1005 4392; x_wconf 73' lang='lat' dir='ltr'>llllwt&#39;·</span> <span class='ocrx_word' id='word_1_270' title='bbox 1023 4353 1050 4415; x_wconf 61' lang='grc' dir='ltr'>Ρ·</span> <span class='ocrx_word' id='word_1_271' title='bbox 1069 4335 1127 4412; x_wconf 51' lang='grc'>343·</span> <span class='ocrx_word' id='word_1_272' title='bbox 1164 4403 1168 4412; x_wconf 51' lang='grc' dir='ltr'>Ι</span> 
     </span>
    </p>
   </div>
   <div class='ocr_carea' id='block_1_6' title="bbox 0 0 1509 5268">
    <p class='ocr_par' dir='ltr' id='par_1_9' title="bbox 0 0 1509 5268">
     <span class='ocr_line' id='line_1_38' title="bbox 0 0 1509 5268; baseline 0 0"><span class='ocrx_word' id='word_1_273' title='bbox 0 0 1509 5268; x_wconf 95' lang='lat' dir='ltr'> </span> 
     </span>
    </p>
   </div>
  </div>
 </body>
</html>
