3000 5268
355 317 442 448 1¹76

687 381 690 388 ¹
714 348 768 416 DE
805 349 939 415 BELLO
974 351 1095 416 GALL.

348 563 411 659 qui
439 560 515 633 iam
541 557 669 658 primis
696 557 889 632 ordinibus
905 557 1269 658 adpropinquarent,
1287 557 1333 632 Τ.
1348 559 1446 634 Pullo

349 685 387 748 ct
413 677 455 746 la
481 676 663 747 Varenus.
690 675 739 746 Hi
767 679 965 772 perpetuas
991 673 1272 746 controversias
1307 677 1398 746 inter
1419 699 1446 746 se

347 787 554 877 habebant,
580 791 735 886 quinam
761 787 1036 878 anteferretur,
1071 789 1326 886 omnibusque
1365 793 1449 860 annis

350 903 396 976 de
422 901 506 975 loco
532 905 688 976 summis
713 903 967 978 simultatibus
994 902 1291 976 contendebant.
1344 903 1397 974 Ex
1418 903 1450 972 iis

348 1020 491 1110 Pultio,
524 1043 642 1118 quum
676 1023 856 1094 acerrime
893 1021 938 1092 ad
966 1021 1193 1094 munitiones
1220 1028 1451 1120 pugnaretur,

350 1135 449 1236 Quid
471 1135 631 1225 diditur,
656 1136 798 1232 inquit,
830 1131 993 1210 Vareno?
1017 1145 1082 1208 out
1106 1157 1212 1234 quem
1242 1137 1362 1207 locum
1384 1159 1450 1232 pro·

349 1249 486 1322 landae
511 1255 653 1325 virtutis
679 1264 761 1322 tuae
786 1252 954 1347 spectas?
978 1249 1057 1335 br'c,
1084 1245 1145 1322 tte
1169 1245 1250 1322 ἀίω
1278 1246 1325 1321 de
1344 1249 1451 1320 nostris

350 1371 598 1442 controversiis
623 1365 805 1438 iudicabit.
832 1365 935 1438 llaec
962 1387 1079 1463 quum
1107 1365 1285 1454 dixisset,
1305 1363 1451 1464 procedit

352 1487 459 1552 extra
476 1479 723 1566 munitiones,
740 1498 889 1578 quaque
909 1505 992 1578 pars
1013 1479 1177 1553 bostium
1198 1479 1451 1554 confertissima

351 1595 432 1666 visa
459 1599 533 1680 est,
559 1593 596 1664 in
615 1617 699 1665 earn
718 1595 911 1693 inrumpit.
939 1595 995 1668 Ne
1012 1597 1177 1666 Varenus
1196 1591 1356 1690 quidem
1375 1587 1450 1660 vallo

352 1731 430 1778 sese
457 1708 651 1795 continet,
686 1707 749 1780 sed
775 1712 945 1782 omnium
973 1711 1114 1782 veritus
1152 1708 1450 1782 existimationem

352 1823 603 1920 subsequitur.
643 1824 763 1912 Tum,
789 1826 967 1898 mediocri
994 1827 1116 1924 spatio
1150 1823 1315 1914 relicto,
1353 1817 1449 1892 Pollio

352 1935 471 2036 pilum
496 1937 534 2007 in
567 1937 691 2011 hostes
717 1940 837 2014 mittit
862 1947 976 2037 atque
1004 1964 1122 2014 unum
1155 1964 1202 2012 ex
1228 1934 1449 2012 multitudine

352 2059 636 2153 procurrentem
663 2056 867 2144 transiicit,
886 2081 961 2154 quo
981 2081 1155 2158 percusso
1174 2063 1214 2130 et
1232 2056 1449 2132 examinato,

353 2171 454 2246 hunc
480 2173 596 2244 scutis
623 2179 824 2272 protegunt
851 2175 995 2264 hostes,
1021 2171 1059 2246 in
1090 2173 1197 2246 illum
1215 2172 1379 2250 mriversi
1395 2163 1451 2238 tela

354 2291 561 2364 coniiciunt
587 2313 704 2386 neque
733 2290 823 2362 dant
842 2289 1074 2391 regrediendi
1096 2289 1334 2364 facultatem.
1360 2288 1450 2358 Tran-

355 2409 501 2508 sfigitur
527 2415 679 2481 scutum
704 2407 862 2480 Pulsroni
891 2415 929 2479 et
957 2413 1135 2482 verutum
1161 2411 1198 2482 in
1226 2407 1354 2482 balteo
1379 2397 1452 2476 defi·

356 2525 467 2596 citur.
495 2525 645 2597 Avertit
673 2523 732 2594 bic
756 2547 862 2594 casus
877 2523 1052 2622 vaginam
1070 2531 1109 2596 et
1128 2522 1299 2623 gladium
1317 2521 1449 2595 educere

355 2643 505 2714 conanti
533 2639 717 2710 dextram·
732 2645 903 2711 moratur
928 2663 1099 2726 manum3
1117 2642 1330 2742 inpeditum
1349 2641 1450 2711 hosio

355 2757 648 2832 circumsistunt.
676 2755 871 2829 Succurrit
897 2756 1069 2830 inimicus
1094 2755 1147 2831 illi
1172 2759 1344 2834 Varenus
1362 2759 1395 2827 et
1413 2749 1451 2820 la·

386 2976 818 3120 enutritura*
836 2977 878 3100 t·

463 3071 487 3100 ο.
554 3088 560 3100 .
610 3070 625 3099 ιι
649 3071 679 3110 o,
798 3087 804 3100 .
869 3085 876 3099 .

355 3115 402 3171 Gr.
419 3111 556 3186 vulgatum
574 3116 662 3170 treber.

389 3191 501 3256 quoram.
529 3185 628 3254 Vulgo,
643 3185 800 3246 urnalrerr',
814 3202 878 3255 qtiae

355 3262 396 3306 est
412 3253 560 3326 explicatio.
586 3253 629 3356 ll·
660 3252 771 3305 Phaedr.
793 3269 820 3313 r,
839 3261 878 3315 ²⁴·

356 3339 420 3441 quelle
430 3333 672 3449 nlbaobllrlldiredsliore
680 3423 688 3454 ,
708 3388 802 3458 priore.
840 3385 878 3436 M.

356 3457 426 3510 Male
451 3456 495 3508 alii
517 3457 597 3506 Ιοανη
624 3473 715 3524 cepere
743 3456 776 3508 de
799 3453 878 3523 gradu

357 3527 475 3576 nrilitori.

321 3591 329 3614 ⁸
387 3593 543 3662 probandae.
569 3589 599 3641 lu
611 3588 688 3642 codd.
700 3597 728 3640 et
739 3587 798 3640 edd.
811 3597 878 3640 antt.

377 3659 490 3730 lorisque
512 3666 553 3710 est
571 3676 618 3728 pro
642 3657 691 3709 lroc
709 3655 803 3718 verbd,
849 3673 879 3706 ro

357 3679 445 3792 litate,
464 3725 538 3778 nullo
556 3725 665 3777 sortasse
682 3743 769 3776 senso.
837 3741 880 3773 ro·

356 3796 454 3845 dandae
470 3813 483 3845 e
502 3793 591 3845 Graec·
612 3801 678 3843 meta
701 3791 740 3842 hr.
760 3787 880 3842 defendi·

357 3869 401 3913 tur
418 3881 433 3913 a
451 3861 560 3914 Darisio
577 3868 602 3911 et
619 3809 741 3917 Clurlio,
759 3857 806 3910 ubi
824 3867 879 3918 est,

357 3935 435 3998 sarpis
458 3939 498 3984 rari
522 3931 677 3996 lerbifarSzr
700 3928 790 3992 riperto·
833 3925 870 4003 ld.

280 4023 284 4038 ·
391 4009 509 4060 spectas,
543 4001 651 4047 circuens
672 3994 734 4056 icis,
767 4009 880 4064 quaeris.

358 4063 463 4128 Vulgo„
474 4075 612 4132 exspectas.
634 4011 670 4110 tl

391 4129 443 4190 hie,
461 4129 501 4181 liic
518 4131 580 4180 dies.
605 4127 690 4196 Vulgo
707 4126 823 4189 bicdierr
841 4127 882 4179 lr'o

358 4196 420 4247 dier.
446 4195 581 4262 Languida
594 4197 676 4246 nimis
688 4197 818 4265 repetitio.
837 4195 880 4246 Cf.

358 4263 431 4315 Cort.
449 4263 483 4315 ad
500 4261 607 4315 Sallust.
636 4261 694 4314 Cat.
716 4281 740 4315 c.
759 4279 799 4312 ao.
837 4265 882 4313 Ere

360 4329 422 4392 itta,
439 4331 487 4380 illa
504 4331 617 4382 libertas.

389 4399 503 4468 moedis
520 4419 553 4437 ι·
569 4401 701 4465 &aanor
736 4395 806 4450 Haec
821 4409 883 4467 per-

945 2975 1027 3035 ticnla
1044 2977 1110 3035 adeo
1127 2981 1241 3036 verium
1259 2984 1289 3036 in
1313 2977 1386 3032 libris
1404 2969 1450 3024 sui·

946 3052 1001 3120 ptis
1018 3059 1045 3102 et
1062 3049 1157 3112 editis,
1176 3063 1207 3102 ut
1224 3051 1302 3104 nullo
1315 3041 1449 3110 modocena

945 3131 1041 3170 manus
1058 3119 1176 3171 Caesaris
1188 3120 1298 3191 reperiri
1314 3113 1402 3187 possit,
1412 3113 1448 3178 ctu

946 3185 1107 3240 omninode
1124 3203 1203 3240 seusu
1224 3193 1338 3241 constat.
1377 3177 1449 3244 Lectio

945 3251 1170 3325 Oudendorpiana
1206 3273 1268 3309 cnm
1313 3241 1449 3314 metarlnau

945 3320 1045 3374 Graeca
1063 3331 1152 3375 exacte
1169 3324 1315 3392 conspiret.
1384 3349 1389 3360 ·
1424 3303 1448 3354 ll

946 3406 1008 3440 cum
1027 3389 1103 3442 bouis
1121 3391 1197 3444 codd.
1216 3399 1242 3442 et
1262 3387 1322 3442 edd.
1338 3382 1393 3435 N⁰⁰
1405 3387 1448 3428 “ill

945 3467 987 3508 est
1004 3473 1036 3510 es
1054 3461 1160 3526 ingenio
1178 3457 1311 3527 scaligeri.
1337 3445 1410 3521 Vulgo
1421 3438 1449 3526 'bf

946 3525 1018 3590 {titur
1036 3527 1061 3578 ln
1081 3525 1140 3576 aliis
1158 3525 1233 3580 codd.
1246 3535 1274 3576 et
1286 3519 1344 3576 edd.
1360 3525 1446 3588 prinus·

943 3595 1058 3660 prooedit
1087 3612 1120 3643 ex
1141 3599 1234 3645 eastris
1260 3585 1448 3660 morutionemfl'ae

946 3687 980 3698 ···
996 3665 1112 3728 erumpit.
1138 3660 1185 3712 alii
1197 3664 1315 3730 irrumpit
1327 3661 1372 3707 eto·
1389 3657 1415 3700 Tr
1424 3651 1448 3687 ‘¹

945 3732 1038 3779 austris
1056 3728 1168 3796 glossam
1185 3729 1268 3800 sapit.

983 3819 1066 3882 Τωη,
1083 3820 1205 3872 matiam·
1222 3829 1269 3874 etc.
1288 3819 1342 3872 ttae
1357 3823 1402 3862 tvm
1417 3815 1447 3850 Ν·

947 3887 1016 3940 etius
1029 3887 1085 3940 heic
1098 3889 1149 3940 loci
1160 3887 1239 3941 locari
1252 3896 1315 3966 puto
1325 3895 1380 3934 cum
1390 3862 1443 3922 Old·

947 3970 1026 4024 quam
1045 3955 1134 4026 paullo
1152 3973 1233 4026 supra
1251 3963 1319 4006 inter
1332 3935 1446 4027 purdoufl

947 4023 1031 4073 vulto.
1057 4023 1120 4076 Mox
1140 4043 1187 4094 pro
1199 4007 1446 4083 mirandumne

982 4107 1009 4154 in
1026 4103 1099 4153 illum
1111 4125 1143 4140 -·-
1156 4101 1208 4154 telo
1226 4110 1274 4155 etc.
1315 4091 1378 4152 Mate
1393 4078 1443 4154 ,iiij

947 4170 1091 4222 intortam
1107 4173 1219 4222 metueret
1237 4169 1289 4221 tria
1309 4182 1367 4218 cono
1403 4188 1410 4202 ³
1430 4159 1443 4194 ¹¹

948 4251 973 4290 st
990 4241 1018 4288 in
1034 4235 1115 4288 illam.
1412 4297 1416 4307 .

982 4318 1155 4388 repudiandi.
1180 4317 1235 4371 Alii
1252 4297 1421 4392 progrediendo

983 4403 1094 4452 wnaroi.
1120 4397 1166 4452 elii
1183 4393 1405 4456 mmmmm·
