3026 5264
347 333 439 428 362
711 363 766 426 ne
799 364 934 426 nocco
968 364 1095 426 cruci

345 566 422 638 cias
448 564 766 664 proficisceretur,
791 591 836 640 ne
864 591 936 666 qua
963 572 1059 641 esset
1085 587 1276 639 annorum
1303 585 1456 651 caussa,

344 684 476 754 timere
503 683 717 766 Caesarem,
747 683 908 783 abreptis
927 683 974 756 ab
992 707 1036 756 eo
1055 683 1198 756 duobus
1225 683 1453 783 legionibus,

344 826 391 872 ne
418 799 463 872 ad
492 801 568 872 eius
597 800 802 900 periculum
829 825 1016 873 reservare
1044 807 1083 872 et
1108 801 1267 872 retinere
1308 824 1372 871 eas
1410 799 1454 870 ad

343 915 476 986 urbem
503 916 701 1013 Pompeius
728 915 947 990 videretur:
974 921 1018 988 ut
1043 917 1096 989 M.
1122 913 1270 996 Rufus,
1292 914 1358 1009 qui
1377 936 1456 984 sen·

343 1033 503 1104 tentiam
525 1032 662 1106 ‚Calidii
691 1035 817 1132 paucis
844 1033 918 1106 fere
945 1033 1100 1104 mutatis
1126 1031 1237 1102 rebus
1278 1029 1459 1126 sequeba-

342 1155 435 1222 tur:
464 1149 501 1221 hi
529 1173 683 1239 ornnes,
710 1149 880 1222 convicio
908 1151 950 1220 L.
975 1145 1124 1220 Lentuli
1152 1145 1325 1218 Consulis
1365 1171 1457 1218 con-
1506 1185 1507 1190 κ

342 1267 439 1366 repti
463 1320 475 1356 ,
500 1266 798 1364 exagitabantur.
867 1263 1049 1338 Lentulus
1076 1264 1300 1335 sententiam
1328 1261 1457 1334 Calidii

342 1383 681 1481 pronunciaturum
706 1405 744 1454 se
771 1380 923 1452 omnino
943 1380 1105 1477 negavit.
1139 1378 1361 1468 Marcellus,
1381 1403 1458 1477 per·

343 1499 496 1572 territus
522 1499 776 1587 conviciis,a
816 1519 882 1568 sua
923 1497 1109 1570 sententia
1148 1493 1328 1576 discessit.
1398 1496 1457 1568 Sic
1506 1535 1507 1552 ι

342 1617 499 1689 vocibus
525 1615 714 1704 Consulis,
740 1621 882 1688 terrore
902 1615 1104 1712 praesentis
1122 1614 1328 1702 exercitus,
1348 1615 1455 1686 minis
1506 1627 1507 1696 i

343 1735 548 1805 amicorum
588 1733 769 1845 Poinpei‚
807 1730 970 1828 plerique
1013 1728 1224 1828 compulsi,
1267 1731 1380 1803 inviti
1420 1739 1455 1805 et

343 1851 465 1923 coacti
485 1849 665 1948 Scipionis
683 1848 905 1920 sententiam
933 1851 1140 1944 sequuntur
1154 1870 1172 1958 εΔ
1192 1849 1250 1918 uti
1273 1861 1357 1920 arete
1384 1873 1455 1920 cer-

341 1979 415 2035 tam
440 1963 534 2036 diem
560 1963 692 2036 Caesar
725 1967 922 2036 exercitum
947 1961 1125 2033 dimittat:
1150 1965 1186 2033 si
1223 1988 1294 2033 non
1307 1959 1454 2055 facitu,

341 2101 423 2148 eum
447 2077 617 2152 adversus
642 2074 1119 2175 Rcmpudlc'camsactwum
1145 2073 1269 2148 videri.
1330 2075 1452 2146 luter·
1506 2113 1507 2132 ι

343 2192 442 2265 cedit
468 2195 519 2267 M.
546 2194 753 2282 Antonius,
772 2195 818 2283 Q.
845 2191 1007 2280 Cassius,
1022 2192 1179 2263 Tribuni
1206 2189 1333 2288 plebis.
1380 2193 1453 2262 Re-

342 2303 461 2378 lertur
486 2306 681 2378 confestim
709 2306 753 2378 dc
786 2308 1047 2379 intercessione
1074 2306 1355 2378 Tribocorum:
1398 2303 1452 2376 di-

343 2429 482 2494 cuntur
512 2424 717 2495 sententiae
748 2445 909 2520 graves:
949 2428 993 2495 ut
1028 2423 1183 2519 quisque
1218 2419 1452 2498 acerbissime

342 2533 667 2633 crudelissimeque
695 2536 791 2609 dixit
816 2539 870 2612 ita
897 2537 1198 2634 quammaxime
1227 2535 1273 2608 ab
1293 2534 1451 2606 inimicis

341 2647 509 2719 Caesaris
535 2648 796 2722 conlaudatur.

392 2761 428 2836 3.
454 2763 566 2834 Misso
593 2763 640 2835 ad
670 2789 868 2862 vesperum
894 2767 1062 2856 Senatu,
1088 2789 1242 2855 omnes,
1269 2765 1332 2861 qui
1366 2773 1452 2837 sunt

341 2879 418 2950 eius
445 2878 612 2970 ordinis,
639 2905 659 2953 a
685 2881 862 2981 Pompeio
889 2889 1110 2957 evocantur.
1161 2882 1308 2956 Laudat
1343 2881 1452 2954 Pom·

372 3123 491 3191 abreptis.
515 3120 605 3174 Gisan.
628 3123 657 3173 in
679 3122 743 3174 obs.
765 3121 796 3173 L.
827 3121 858 3174 L.
927 3141 949 3175 c.
967 3138 992 3173 2.
1010 3121 1052 3174 Cl.
1070 3121 1141 3193 Virg.
1160 3121 1252 3190 Georg.
1271 3137 1305 3182 a,
1324 3123 1447 3191 495.Lo·

339 3207 366 3261 p.
387 3189 426 3242 53.
445 3194 531 3242 minus
548 3188 615 3241 bene
632 3195 764 3260 correptis.
928 3208 986 3244 can.
1007 3207 1040 3248 1,
1057 3197 1115 3253 4²²·

370 3259 465 3308 driutius
482 3257 629 3327 legionibus.
647 3258 701 3310 vid.
725 3275 804 3326 snpra
822 3261 858 3318 8,
962 3275 979 3307 a
996 3257 1118 3326 Pompeio
1136 3268 1291 3317 evocantur,
1316 3265 1388 3308 extra
1404 3277 1448 3308 ur·

287 3385 288 3388 ¹
341 3329 381 3388 54.
402 3326 442 3375 M.
803 3381 807 3388 ⁸
928 3322 989 3375 bem
1011 3331 1152 3376 evocarer
1169 3323 1328 3384 Senatores,
1351 3333 1382 3374 ut
1404 3323 1448 3375 Sc·
1506 3373 1507 3380 ,

369 3395 474 3444 uincatis
491 3392 571 3442 rebus.
590 3389 622 3442 al.
636 3389 857 3460 verbis-eglom.
928 3400 1007 3442 natus
1025 3391 1159 3444 habeatur.
1177 3391 1256 3442 Cous.
1274 3409 1296 3443 c.
1320 3393 1344 3442 6.
1363 3391 1449 3442 Cella·
1506 3391 1507 3436 l

339 3459 459 3511 Ciaccon·
477 3457 652 3528 expungebat.
927 3463 989 3508 rins.
1022 3466 1054 3514 ol
1072 3463 1181 3575 ippum
1207 3464 1370 3526 στρατοπέδων
1394 3463 1447 3522 (ac
1506 3487 1507 3518 3

368 3530 603 3645 pronunciaturom.
621 3523 858 3576 PronoucintCnn-
928 3523 989 3577 telis
1010 3533 1066 3578 crat
1109 3525 1245 3595 ompeius)
1269 3533 1299 3583 ris
1325 3534 1368 3588 ets
1385 3533 1447 3579 silo

338 3611 369 3646 sn
386 3591 858 3662 sententias,cumcss‚quaedictao
928 3595 965 3646 six
989 3595 1078 3647 risisse·
1103 3589 1234 3645 Plutarch.
1265 3593 1292 3642 'n
1320 3591 1446 3664 Pompeio
1506 3585 1507 3642 ᾗ

338 3669 418 3720 sunt,
437 3659 549 3711 breviter
562 3661 658 3730 repetit
670 3667 696 3709 et
708 3667 857 3717 enumerat.
925 3677 948 3711 c.
980 3663 1018 3710 58.
1047 3659 1179 3710 Praeterea
1207 3658 1376 3710 Msrclsndus
1402 3663 1445 3725 (in
1506 3691 1507 3724 3

338 3736 370 3779 nt
390 3727 501 3780 Senatus
526 3727 554 3778 in
580 3725 703 3795 suffragia
727 3725 858 3779 discedere
925 3723 1343 3796 Explicationibusvettaliqnnt
1362 3736 1447 3778 aucto
1506 3725 1507 3772 l

336 3796 430 3864 possit.
449 3795 489 3844 M.
925 3811 1000 3854 rom,
1026 3793 1058 3845 ad
1075 3791 1170 3845 calcem
1187 3791 1284 3862 Suppl.
1306 3791 1399 3864 Eurip.
1422 3814 1445 3864 p.
1506 3831 1507 3838 ι

308 3897 311 3903 -
369 3873 469 3912 terrore
495 3877 580 3928 praes.
605 3877 687 3910 exerc.
717 3860 765 3929 qui
794 3878 857 3911 cum
926 3862 992 3924 264)
1017 3859 1067 3928 legi
1092 3859 1170 3912 volt:
1197 3859 1293 3910 Omnes
1317 3864 1358 3910 sui
1381 3889 1414 3899 -—
1430 3881 1447 3910 a

337 3926 463 3999 Pompeio
495 3935 557 3978 crat.
590 3927 631 3977 M.
661 3933 694 3982 'ro'
733 3932 857 3977 caessaris
925 3927 1016 3996 Pomp.
1037 3939 1190 3978 evocrmtur:
1213 3935 1243 3977 nt
1260 3930 1300 3977 sni
1317 3929 1373 3977 sint
1391 3929 1447 3978 fair-

336 3996 364 4045 in
378 3945 856 4066 Lovao.clecst,quodproliatllaris.
925 4001 993 4046 tores
1017 4003 1044 4044 ct
1068 3994 1144 4044 amici
1169 3995 1285 4111 partium
1310 3993 1444 4064 Pompeii:

336 4079 391 4113 non
409 4083 463 4132 ego.
924 4079 979 4113 esse
1004 4063 1074 4112 cuim
1097 4057 1270 4120 increabile,
1295 4069 1383 4111 totum
1400 4063 1447 4114 Se·

368 4130 466 4179 alvers.
477 4145 555 4194 remp.
566 4128 627 4197 fact
640 4125 748 4178 Mollior
759 4128 856 4178 formu·
923 4137 1014 4180 natnm
1036 4137 1172 4180 evocatum
1193 4145 1247 4178 esse
1270 4146 1284 4178 o
1303 4127 1446 4196 Pompeio.

334 4192 371 4254 la,
382 4213 473 4264 quam,
484 4195 586 4246 hostem
597 4195 719 4258 iudicari}
732 4214 757 4244 re
770 4203 856 4246 antem
924 4205 951 4246 et
968 4197 1105 4247 (ὶιιοειιιιιιιι
1121 4193 1208 4245 nullos
1226 4193 1266 4245 ihi
1283 4195 1382 4245 amicos
1401 4194 1445 4244 lin·

335 4261 395 4313 lniic
414 4263 465 4312 lcrc
482 4263 656 4314 consentiens.
676 4261 812 4313 Cellnrins.
924 4260 1020 4314 baisse.
1044 4261 1097 4314 Sed
1120 4279 1209 4313 nonne
1232 4269 1326 4330 sponte
1346 4260 1446 4312 inlelli-

370 4329 514 4379 Interucdit.
532 4331 577 4382 Sic
600 4329 674 4382 codd·
698 4329 753 4381 Alii
770 4333 854 4380 inter·
923 4329 1012 4397 gitur,
1030 4327 1097 4380 illud
1119 4347 1204 4380 oannes
1221 4329 1250 4378 in
1268 4335 1388 4386 tauhun,
1416 4329 1445 4379 iu

334 4393 447 4456 cedunt,
463 4405 553 4448 contro
568 4395 644 4448 codd·
657 4396 716 4473 vid.
734 4395 761 4448 b·
778 4395 854 4452 Ales.
923 4405 1054 4467 qllantum
1075 4413 1116 4449 res
1137 4395 1237 4464 patitur
1246 4431 1256 4464 ,
1286 4393 1448 4464 capiendum
