2986 5268
371 359 465 452 2306
738 395 793 455 os
826 393 960 456 sueto
995 393 1118 457 seir..

368 617 430 664 sae
458 593 535 664 vim
562 590 727 668 hostium
761 599 939 671 sustinere
966 603 1173 696 poterant,
1195 596 1331 670 coactis
1355 587 1449 668 uncle

369 710 615 809 quadraginta
642 713 884 802 cohortibus,
913 740 1003 812 quas
1022 741 1068 788 ex
1100 713 1277 812 proximis
1295 713 1451 812 praesidiis

369 826 549 898 deductas
574 851 652 900 sors
679 829 838 918 obtulit,
864 831 1058 904 Caesarem
1094 855 1159 929 per
1198 833 1348 904 nuncios
1379 831 1448 901 lacit

369 943 587 1032 certiorem,
608 945 696 1050 quid
717 945 932 1017 faciundum
948 947 1152 1019 existimet.
1170 943 1364 1018 Adcelerat
1379 944 1451 1015 Cae·

367 1083 452 1148 sar,
479 1067 522 1134 ut
549 1059 689 1160 proelio
715 1061 875 1134 intersit.

419 1173 481 1247 88.
498 1177 587 1248 Eius
613 1173 780 1247 adventu
807 1199 852 1246 ex
879 1172 1004 1248 colore
1029 1175 1191 1248 vestitus
1210 1173 1377 1270 cognito,
1393 1192 1451 1266 quo

366 1285 502 1386 insigni
539 1289 576 1359 in
610 1287 759 1386 proeliis
786 1291 841 1362 uti
863 1296 1134 1374 consueverat,
1159 1289 1365 1382 turmisque
1378 1283 1455 1379 equi·

369 1409 453 1474 tum
472 1410 510 1476 et
527 1404 745 1478 cohortibus
762 1407 871 1490 visis,
887 1431 978 1503 quas
992 1431 1030 1478 se
1048 1407 1152 1504 sequi
1170 1405 1352 1491 iusserat,
1375 1407 1411 1472 ut
1421 1397 1454 1471 de

365 1513 458 1590 locis
480 1519 729 1616 superioribus
755 1520 846 1592 haee
864 1519 1023 1592 declivia
1048 1527 1087 1592 et
1105 1519 1247 1592 devexa
1279 1515 1452 1589 cerneban-

366 1635 453 1718 tur,
477 1631 602 1704 hostes
629 1633 810 1732 proelidm
825 1637 1085 1708 committunt.
1100 1632 1303 1728 Utrimque
1318 1629 1454 1702 clamore

366 1742 543 1834 sublato,
570 1749 708 1846 excipit
732 1742 859 1822 ruisus
887 1773 933 1822 ex
960 1745 1059 1822 vallo
1077 1753 1190 1843 atque
1207 1743 1378 1817 omnibus
1394 1763 1455 1812 mu·

367 1859 573 1930 nitionibus
589 1859 744 1934 clamor.
784 1865 911 1937 Nostri
926 1917 938 1952 ,
953 1863 1093 1936 emissis
1111 1859 1193 1958 pilis
1212 1913 1224 1949 ,
1241 1855 1370 1958 gladiis
1396 1877 1455 1924 ren

365 1983 514 2074 gerunt.
566 1977 733 2076 Repente
765 1988 849 2087 post
883 1987 1034 2078 tergum
1063 1978 1254 2073 equitatus
1286 1974 1453 2045 cernitur:

366 2091 539 2164 cohortes
566 2091 658 2166 aliae
685 2095 1006 2196 adpropinquant:
1027 2095 1151 2166 hostes
1166 2097 1274 2190 terga
1295 2093 1453 2163 vertunt:

366 2207 594 2308 fugientibus
620 2213 763 2308 equites
803 2217 1038 2284 occurrunt:
1080 2207 1123 2282 fit
1156 2233 1296 2307 magna
1336 2204 1455 2279 caedes.

366 2325 563 2416 Sedulius,
587 2327 662 2400 dux
689 2335 728 2402 et
755 2331 924 2427 princeps
955 2327 1227 2410 Lemovicum,
1262 2323 1454 2397 occiditur:

365 2443 667 2542 Vergasillaunus
693 2447 885 2519 Aruernus
912 2445 1020 2516 vivus
1045 2443 1083 2516 in
1117 2441 1205 2540 fuga
1234 2441 1454 2539 comprehen-

366 2555 486 2658 ditur:
514 2561 617 2657 signa
644 2559 820 2632 militaria
838 2559 1011 2632 LXXllll
1037 2555 1083 2628 ad
1101 2555 1302 2628 Caesarem
1320 2552 1456 2625 reserun-

259 2759 264 2770 „
362 2677 446 2742 tur:
473 2677 580 2770 pauci
607 2681 787 2746 extento
814 2699 970 2746 numero
997 2697 1035 2745 se
1061 2669 1269 2744 incolumes
1297 2672 1334 2742 in
1353 2675 1454 2740 eastra

359 2786 560 2882 recipiunt.
604 2788 817 2888 Conspicati
849 2813 896 2861 ers
910 2787 1048 2888 oppido
1084 2783 1236 2858 caedem
1265 2789 1307 2856 et
1344 2781 1453 2881 fugam

393 3083 640 3153 undeqrmdraginta.
658 3083 704 3138 Sic
720 3081 787 3135 benc
803 3081 879 3134 codd.
948 3081 1181 3152 paludamentum,
1205 3083 1251 3134 scil
1277 3085 1398 3137 omnibus
1419 3083 1456 3132 iu·

361 3149 412 3202 Atii
425 3152 691 3219 unndcquadnagr'ntn.
704 3149 739 3200 Et
750 3151 777 3200 iu
790 3149 879 3202 Graec.
948 3149 1111 3220 perpluribus
1126 3169 1281 3202 ceirnmnue:
1301 3153 1399 3204 dudum
1414 3149 1455 3200 eri·

359 3217 549 3288 naetaphmst,
564 3221 817 3288 ‹pedreveaase'lwia
836 3218 880 3268 M.
946 3219 1096 3278 stimaram,
1112 3219 1202 3276 verba,
1241 3237 1290 3270 rrae
1315 3226 1455 3289 sequnntur,

387 3287 446 3352 sors
468 3287 565 3336 cantu
617 3285 662 3338 Sic
683 3285 757 3337 codd.
775 3293 803 3335 et
819 3283 879 3336 edd.
946 3303 996 3353 quo
1012 3287 1105 3352 insigni
1122 3289 1149 3334 in
1163 3238 1270 3351 proeliis
1288 3292 1327 3336 uti
1343 3297 1455 3334 corisum*

358 3363 420 3404 vett.
439 3353 525 3419 Vulgo
540 3371 606 3402 sni-s.
946 3356 1003 3416 rat,
1025 3351 1060 3402 ab
1081 3349 1167 3421 aliquo
1191 3351 1220 3402 in
1244 3355 1361 3417 margine
1382 3357 1455 3403 notata

389 3439 421 3469 ex
438 3421 522 3470 colen-e
540 3427 650 3470 vestinis.
705 3417 781 3470 lland
797 3415 879 3470 dubie
945 3437 1014 3476 csse,
1032 3427 1059 3468 ct
1077 3419 1103 3468 in
1121 3427 1223 3469 tentum
1240 3420 1392 3488 inrepsisse,
1406 3432 1456 3468 cun

355 3485 512 3556 intelligitur
541 3485 778 3555 paludamentum,
808 3483 878 3554 quod
945 3504 959 3536 e
977 3487 1048 3536 notis
1066 3483 1164 3536 Biantii
1186 3493 1213 3536 et
1236 3483 1337 3538 Davisii
1357 3485 1388 3537 ad
1404 3484 1426 3534 h.
1440 3479 1456 3530 l·

355 3555 435 3604 luisse
458 3553 596 3606 mbicumli
619 3562 648 3604 nt
672 3552 813 3622 plurimum
835 3570 879 3604 eo·
944 3552 1076 3611 intellexi,
1090 3553 1142 3604 iam
1156 3549 1277 3621 Lipsium
1291 3556 1332 3616 (in
1344 3549 1453 3604 analectis

354 3617 429 3682 loris,
448 3621 582 3672 neminem
600 3619 675 3688 sugit.
688 3619 739 3670 Dio
755 3619 826 3670 Cass.
837 3627 877 3680 la,
943 3617 977 3672 ad
1002 3618 1083 3670 libros
1110 3618 1143 3670 de
1168 3619 1247 3670 milit.
1272 3619 1349 3672 Rom.
1375 3636 1402 3678 2,
1425 3631 1455 3664 1²·

354 3699 399 3752 4ο,
417 3687 449 3740 dc
466 3689 586 3744 Caesare,
610 3687 639 3738 in
660 3703 766 3738 summo
786 3685 877 3738 discri·
946 3704 1003 3756 pag.
1030 3684 1099 3748 llll)
1124 3684 1194 3736 idem
1216 3689 1356 3740 censuisse.
1398 3683 1455 3736 Nam

353 3757 426 3806 rninc
437 3763 568 3813 versante,
580 3763 607 3805 et
618 3751 749 3805 enatando
765 3750 876 3804 salutem
945 3753 1018 3822 quod
1027 3752 1148 3804 Davisius
1160 3754 1320 3822 suspicatur,
1332 3754 1455 3805 &essesut

353 3831 472 3890 pcteute,
490 3826 500 3875 i
517 3835 610 3890 Kweap
627 3823 657 3874 eoi
675 3824 758 3886 ass..
779 3821 875 3887 siloam
944 3821 1041 3871 vestitu
1054 3819 1191 3885 singerlaris
1208 3818 1302 3872 coloris
1313 3837 1389 3872 usum
1401 3835 1456 3882 csse,
1476 3845 1477 3848 ¹

352 3894 470 3962 &add-{slepe
481 3888 620 3940 scilicetne
628 3885 662 3939 ab
674 3885 793 3939 hostilius
802 3905 877 3956 agito·
944 3885 972 3938 id
990 3885 1065 3937 nullo
1083 3887 1178 3938 nititur
1194 3885 1376 3940 firudnmento.
1393 3883 1430 3936 M.

352 3966 480 4007 secretus:
496 3963 522 4006 et
535 3955 554 4005 F
557 3955 664 4018 luruss,
677 3971 706 4019 2,
717 3959 755 4021 59.
769 3953 876 4023 palnda·
976 3953 1089 4004 declivia.
1107 3952 1163 4005 Alii
1178 3955 1283 4004 medua.
1309 4001 1314 4013 ,

350 4032 468 4074 meritum
477 4021 599 4091 adpellnt.
607 4021 649 4072 Cf.
658 4021 767 4073 Sueten.
778 4020 824 4071 lul.
834 4026 875 4083 64.
975 4025 1076 4088 excipit.
1094 4020 1150 4072 Alii
1167 4020 1234 4072 male
1251 4025 1382 4088 excipitur.

350 4093 400 4139 etsi
418 4089 461 4140 hic
477 4089 503 4140 in
511 4109 536 4139 re
549 4090 604 4159 ipsa
616 4088 739 4140 dissentit
750 4089 874 4140 necteris.
975 4093 1071 4138 cnrissir
1085 4088 1156 4156 pilis.
1175 4086 1266 4147 fiodd.
1284 4097 1312 4139 et
1327 4086 1385 4139 edd.
1400 4089 1456 4133 vell·

350 4155 875 4224 Liv.7,34.deprecator,sngutngrcgcrli,
941 4153 1009 4208 benc
1034 4157 1079 4206 sie.
1106 4155 1219 4206 Graecus
1246 4158 1355 4222 ἐφιέντες.
1381 4149 1455 4218 VulssO

350 4227 412 4290 (quo
427 4225 531 4291 pegeni
543 4223 641 4274 milites
659 4227 801 4284 utuntnr·,)
814 4225 874 4272 unzi·
942 4225 1050 4272 omissis.
1067 4219 1146 4272 Cous.
1164 4219 1271 4274 Sallust.
1290 4221 1365 4273 Catil.
1383 4220 1420 4267 60.

350 4301 414 4347 cors,
429 4307 459 4339 ne
471 4291 555 4338 discam
563 4293 693 4340 arramire
706 4291 791 4340 hostes
802 4302 872 4338 notu·
975 4289 1141 4339 maroveum.
1173 4287 1243 4342 lllnle
1260 4287 1305 4339 alii
1323 4289 1454 4338 Germano

352 4367 419 4415 rent,
428 4359 515 4405 omnin
523 4357 696 4420 perdomavit.
704 4358 771 4408 Cum
783 4375 814 4406 au
820 4367 873 4406 tem
940 4373 1010 4414 runi,
1020 4357 1153 4406 ltcnror‘wn
1159 4393 1167 4415 ,
1178 4357 1354 4423 Sequanorum
1364 4361 1391 4402 et
1430 4345 1460 4412 'tl

348 4440 401 4474 nou
411 4423 549 4492 proprium
557 4423 661 4482 Caesari
672 4424 872 4492 t'uerit‚gestars
941 4421 1013 4473 non?
1024 4421 1156 4500 Interpres
1167 4421 1283 4476 Graecus
1296 4421 1360 4475 bene
1372 4417 1403 4470 ha
1434 4421 1454 4468 t.
