3040 5264
390 418 470 478 ue.
506 417 561 478 ru.
595 419 688 478 err.
723 382 899 480 23-26.
1107 385 1195 482 133

86 615 310 692 retulerunt.
328 615 453 715 Atque
470 619 607 693 nostris
622 584 802 694 militibus
821 613 1101 700 cunctantibus,
1119 637 1201 692 trias·¹

85 736 187 808 xime
207 737 359 832 propter
376 733 614 808 altitudinem
632 738 763 826 maris,
781 735 844 832 qui
863 732 1027 805 decimae
1044 730 1200 830 legionis

86 849 252 946 aquilam
278 851 439 940 ferebat,
457 855 690 924 contestatus
714 853 832 941 Deos,
849 855 894 924 ut
919 874 962 924 ea
987 873 1045 922 res
1061 846 1198 948 legioni
1277 887 1280 896 =

85 966 247 1040 feliciter
272 967 455 1040 eveniret:
482 967 644 1050 Desilite,
671 966 811 1064 inquit,
837 967 1108 1054 commilitones,
1126 969 1201 1037 arsi

83 1083 195 1156 vales
213 1083 371 1180 uqzu'lum
388 1081 547 1162 hostibus
566 1080 736 1180 prodere:
753 1105 820 1178 ego
838 1093 932 1152 certe
948 1103 1065 1152 meum
1082 1082 1200 1176 reipsa.

83 1194 198 1268 elisae
215 1210 321 1296 utque
340 1200 547 1295 imperatori
560 1199 717 1290 (efficium
730 1200 952 1295 praestitero.
978 1195 1060 1268 Hoc
1080 1217 1198 1290 quum

83 1337 224 1414 magna
254 1339 348 1388 voce
379 1313 553 1404 dixisset,
578 1339 624 1388 ex
651 1314 736 1386 navi
769 1338 807 1388 se
839 1312 996 1412 proiecit
1021 1319 1132 1412 atque
1158 1313 1200 1386 in

83 1428 211 1506 hostes
224 1431 385 1532 aquilam
399 1430 493 1504 ferre
507 1432 641 1530 eoepit.
654 1427 1198 1524 Tumnostri,oobortatiinter

85 1571 145 1636 se,
162 1571 209 1620 ne
225 1555 375 1624 tantum
391 1546 551 1622 dedecus
569 1547 853 1636 admitteretur,
869 1547 1031 1620 universi
1049 1571 1096 1622 ex
1109 1550 1198 1622 navi

85 1665 334 1740 desiluerunt:
353 1666 419 1738 bos
445 1667 536 1740 item
554 1663 616 1738 alii
635 1687 682 1736 ex
699 1663 878 1761 proximis
901 1664 1060 1737 navibus
1079 1690 1200 1766 quum

86 1782 385 1879 conspexissent,
412 1779 607 1854 subsecuti.
628 1777 796 1852 hostibus
823 1777 1180 1876 adpropinquarunt.

139 1893 200 1967 26.
226 1895 438 1994 Pugnatum
466 1901 523 1967 est
548 1893 595 1966 ab
622 1894 790 1992 utrisque
817 1894 972 1994 soriter3
1000 1896 1118 1966 nostri
1144 1903 1198 1968 ta·

83 2030 191 2096 men,
205 2009 305 2106 quod
323 2033 441 2106 neque
459 2008 605 2081 ordines
622 2031 788 2096 servare,
803 2031 921 2104 neque
940 2007 1096 2086 firmiter
1112 2010 1198 2082 insi·

83 2123 206 2205 stere,
223 2145 342 2220 neque
361 2126 466 2222 signa
483 2123 657 2220 subsequi
675 2127 868 2222 poterant,
885 2127 997 2220 atque
1015 2120 1108 2201 alius,
1126 2122 1197 2198 alia

84 2261 132 2312 ex
159 2240 262 2328 navi,
280 2240 577 2338 quibuscumque
603 2239 716 2338 signis
742 2245 978 2326 occurrerat,
1004 2263 1042 2312 se
1068 2239 1197 2338 adgre-

82 2353 218 2452 gabat‚
245 2379 382 2456 magno
409 2379 519 2454 opere
545 2353 872 2454 perturbabantur.
924 2351 1060 2427 Hostes
1086 2377 1195 2440 vero,

81 2470 183 2542 notis
200 2473 373 2546 omnibus
399 2472 525 2560 vadis,
542 2472 606 2543 ubi
633 2495 679 2542 ex
705 2470 814 2542 litore
829 2469 972 2566 aliquos
990 2469 1197 2569 singulares

83 2605 132 2654 ex
161 2585 247 2658 navi
273 2586 503 2686 egredientes
528 2589 819 2684 conspexerant,
835 2584 999 2658 incitatis
1017 2585 1120 2680 equis
1137 2585 1198 2658 in·

80 2697 230 2796 peditos
249 2701 535 2776 adoriebantorr
554 2699 677 2800 plures
694 2721 834 2799 paucus
851 2697 1196 2778 circumsistebant:

81 2815 145 2886 alii
175 2817 221 2888 ab
248 2816 364 2892 latere
391 2825 521 2918 aperto
546 2819 584 2889 in
612 2817 802 2890 universos
834 2815 909 2888 tela
936 2815 1199 2890 coniiciebant.

81 2932 196 3024 Quod
215 2947 330 3032 quum
349 2934 516 3016 animum
535 2933 757 3006 advertisset
773 2934 928 3022 Caesar,
945 2931 1101 3028 scaphas
1119 2931 1198 3004 lon-

80 3071 217 3154 garum
245 3049 420 3138 navium,
447 3049 539 3132 item
570 3046 818 3147 speculatoria
844 3047 991 3146 navigia
1018 3044 1198 3135 militibus

81 3163 263 3263 compleri
292 3165 400 3240 iussit
427 3169 482 3253 et,
508 3189 602 3263 quos
628 3163 837 3236 laborantes
863 3171 1127 3260 conspexerat,
1154 3164 1198 3235 iis
1243 3217 1248 3226 ,

80 3277 249 3350 subsidia
274 3277 533 3352 submittebat.
560 3281 706 3363 Nostri,
731 3276 841 3351 simul
867 3278 904 3349 in
931 3275 1034 3348 arido
1061 3277 1198 3348 cunetis

79 3395 235 3479 terunt,
260 3393 335 3464 suis
361 3393 533 3470 omnibus
560 3395 790 3482 consecutis,
815 3395 853 3466 in
879 3391 1003 3464 hostes
1028 3390 1197 3488 inpetum

79 3509 254 3590 lecerunt
272 3515 385 3606 atque
412 3533 474 3580 eos
492 3510 530 3592 in
549 3509 674 3610 lugam
699 3509 900 3606 dederunt,
917 3529 1034 3604 neque
1052 3505 1198 3605 longius

79 3627 257 3738 prosequi
289 3633 522 3726 potuerunt,
555 3625 656 3734 quod
692 3627 835 3724 equites
878 3648 1030 3704 cursum
1072 3629 1198 3696 tenere

113 3841 204 3910 Aeque
220 3846 316 3898 nostris
333 3843 387 3893 mit
404 3841 438 3895 al.
456 3843 502 3896 Ar.
709 3846 736 3892 io
752 3845 891 3892 universim.
937 3837 1006 3891 male
1027 3837 1147 3896 Cisccon.
1170 3845 1198 3890 in

112 3909 308 3960 eomnulitones.
326 3909 404 3978 vulgo
420 3909 523 3962 nuditer.
674 3927 786 3962 aversor.
804 3907 878 3979 quod
896 3915 973 3980 turpe
987 3907 1086 3960 luisset.
1105 3907 1152 3960 Gr·
1165 3913 1199 3967 rte

112 3997 148 4026 ex
164 3980 290 4044 proximis
307 3979 418 4030 mettas.
435 3976 468 4030 al.
478 3981 608 4047 61111·οεί-
675 3982 819 4046 σύμπαντας·

80 4049 127 4096 nris
144 4047 236 4112 primis,
253 4062 310 4094 rear.
330 4043 402 4114 quod
419 4044 489 4096 oud.
507 4045 608 4100 codices
709 4044 785 4094 simut
801 4047 828 4093 in
844 4041 928 4093 arido.
951 4039 995 4093 sie
1011 4040 1087 4094 codd.
1099 4049 1127 4092 et
1137 4039 1197 4098 edd.

79 4129 194 4181 sequens
206 4111 306 4162 invitus
315 4112 421 4180 recepit,
432 4111 471 4163 vel
482 4117 609 4181 exprimis
675 4120 727 4162 vet.
745 4109 792 4161 olii
808 4109 883 4162 rbnul
899 4119 988 4178 etque,
1008 4115 1038 4158 ut
1055 4127 1124 4160 mox.

82 4182 221 4246 proximis.
238 4175 481 4248 pleonasmnsmihi
496 4179 608 4230 ridetur.
709 4181 805 4246 equites
816 4195 916 4227 cursum
937 4187 1022 4226 tenere
1039 4191 1092 4226 non
1105 4187 1159 4244 por.
1177 4175 1197 4226 i.

112 4245 264 4313 Pugnatum
281 4255 319 4295 est
337 4254 383 4296 otc.
403 4243 534 4297 Praeclare
551 4255 608 4297 tum
675 4262 698 4294 e.
716 4245 828 4321 equites,
845 4261 911 4314 quos
928 4243 1021 4294 Caesar
1043 4243 1153 4294 iusserat
1170 4259 1198 4294 se

80 4329 108 4362 se
131 4315 213 4382 gessit
234 4311 273 4364 Μ.
295 4312 402 4363 Caesius
424 4315 536 4373 scaeva,
553 4311 609 4364 luu-
675 4329 751 4382 sequi
767 4329 788 4362 c
808 4309 854 4372 23,
866 4317 1021 4379 tempestate
1037 4307 1198 4362 lueruntde-

81 4377 161 4430 datus
178 4398 210 4430 oo
228 4379 335 4430 nornine
356 4379 414 4440 Vel.
441 4380 559 4433 Maximo
576 4379 608 4442 3,
676 4379 749 4439 iacti,
761 4377 813 4430 alio
826 4377 921 4438 delati,
935 4386 966 4428 ut
978 4378 1052 4446 sequi
1070 4394 1122 4428 nun
1142 4393 1198 4444 pos·

82 4459 112 4508 a,
131 4443 218 4500 saer
234 4446 311 4500 Celso
329 4465 356 4516 p.
376 4455 416 4512 75.
676 4454 736 4499 seut
752 4463 774 4498 c.
793 4449 832 4498 28.
850 4445 920 4498 Nam
936 4445 1088 4513 navigantes
1099 4459 1199 4508 arreum
