3026 5264
748 411 803 472 Dr:
839 411 973 472 hnuto
1009 411 1137 472 civit!

386 381 479 506 372

383 609 553 692 Arimino
571 611 766 687 excederet
784 619 897 712 atque
910 612 949 688 in
969 615 1202 714 provinciam
1223 625 1463 706 reverteretur;

382 733 506 827 ipsum
532 734 570 802 et
595 729 806 827 provincias
833 736 870 802 et
887 727 1051 827 legiones
1065 730 1200 802 alienas
1215 735 1356 803 tenere:
1384 756 1463 804 exer·

381 846 502 916 citum
532 842 698 916 Caesaris
729 841 825 915 velle
850 841 1016 932 dimitti;
1045 843 1202 918 dilectus
1230 843 1362 916 habere
1377 869 1384 912 :
1401 844 1463 940 pul-

380 954 505 1043 liceri,
536 980 574 1028 se
604 957 643 1028 in
675 956 907 1055 provinciam
931 959 1097 1044 iturum
1115 981 1255 1054 neque,
1270 963 1355 1030 ante
1375 981 1463 1054 quem

380 1074 479 1148 diem
505 1073 627 1179 iturus
641 1075 689 1146 sit
706 1070 903 1162 ,definire;
918 1074 1003 1146 utsi
1024 1080 1178 1172 peracto
1195 1075 1360 1148 Caesaris
1383 1075 1463 1146 Coo-

379 1191 503 1264 sulatu
529 1186 728 1292 Pompeius
754 1191 945 1290 profectus
971 1217 1046 1266 non
1073 1199 1194 1283 esset,
1232 1193 1334 1268 nulla
1363 1201 1464 1268 tameo

378 1305 562 1380 mendacii
581 1306 757 1404 religione
776 1306 979 1380 obstrictus
999 1307 1210 1380 videretur:
1230 1314 1375 1406 tempus
1393 1329 1462 1379 veru
1483 1367 1484 1374 ,

378 1422 579 1521 conloquio
616 1445 691 1496 non
726 1421 833 1512 dare,
867 1447 987 1520 neque
1014 1448 1254 1498 accessurum
1295 1424 1462 1524 polliceri,

378 1563 555 1639 magnam
581 1542 683 1638 pacis
708 1539 1004 1636 desperationem
1031 1539 1236 1617 adferebat.
1283 1544 1404 1638 ltaque
1426 1541 1460 1611 ab

377 1656 549 1731 Arimino
574 1656 627 1727 M.
654 1654 860 1730 Antonium
887 1679 976 1728 cum
1008 1657 1230 1732 cohortibus
1248 1661 1284 1732 V
1305 1660 1465 1734 Arretium

377 1776 522 1848 mittit:
551 1775 627 1872 ipse
654 1774 810 1846 Arimini
837 1797 924 1847 cunr
940 1773 1085 1849 duabus
1102 1777 1274 1852 subsistit
1293 1779 1409 1875 ibique
1423 1777 1463 1847 di-

377 1888 520 1963 lectum
547 1889 681 1961 hahere
706 1889 884 1962 instituit:
910 1891 1125 1982 Pisaurum,
1151 1895 1331 1984 Fanum,
1360 1897 1463 1969 Anco-

377 2029 465 2081 nam
493 2004 644 2104 siugulis
671 2004 888 2078 cohortibus
913 2013 1089 2107 occupat.

435 2146 491 2194 ra.
525 2121 671 2194 interea
710 2121 850 2194 certior
888 2121 1032 2212 facino,
1069 2123 1245 2222 Iguvium
1287 2123 1463 2198 Thermum

377 2233 593 2314 Praetorem
619 2235 836 2310 cohortibus
863 2239 1026 2335 quinque
1045 2247 1193 2330 tenere,
1211 2243 1387 2342 oppidum
1402 2263 1462 2310 mu-

376 2353 456 2425 nire
482 2355 724 2448 omniumque
750 2375 828 2424 esse
853 2353 1101 2452 Iguvinorum
1127 2357 1311 2452 optimam
1338 2380 1414 2454 erga
1432 2375 1460 2422 se

376 2468 629 2559 volontatem,
655 2468 858 2542 Curionem
883 2491 972 2540 curn
998 2470 1116 2542 tribus
1135 2471 1374 2560 cohortibus,
1389 2491 1460 2567 quas

374 2588 518 2660 Pisauri
543 2593 581 2659 et
608 2585 765 2658 Arimini
790 2582 973 2674 habebat,
1002 2587 1132 2660 mittit.
1184 2589 1302 2688 Cuius
1322 2590 1461 2663 adventu

377 2703 548 2798 cognito,
575 2697 715 2772 diffisus
741 2699 931 2796 municipii
959 2697 1156 2774 voluntate
1182 2703 1388 2790 Thermus,
1411 2723 1460 2772 co·

375 2815 505 2888 hortes
528 2839 576 2887 ex
602 2815 692 2887 urbe
719 2811 846 2889 educit
863 2821 902 2887 et
922 2815 1109 2917 profugit:
1127 2815 1265 2892 milites
1291 2819 1330 2891 in
1351 2818 1461 2890 itincre

408 3181 519 3253 &ginnas
534 3181 646 3244 aliem,
663 3187 766 3252 ereptas
783 3179 898 3236 Caesari.

374 3251 416 3304 Cf.
435 3257 464 3312 8,
482 3257 522 3316 54.
540 3250 583 3302 Μ.

407 3345 542 3408 Pompeius
557 3343 626 3417 profi
642 3363 694 3396 non
710 3359 783 3398 meet.
800 3345 898 3396 Vocem

372 3411 509 3481 Pompeius
522 3413 651 3465 intusum
662 3411 731 3464 Oud.
750 3429 811 3464 cum
829 3413 897 3466 Gru·

372 3488 430 3532 tcro
448 3487 534 3550 putot.

404 3575 435 3626 ab
451 3573 579 3626 Ananim.
618 3572 692 3629 Solet
708 3573 802 3626 Caeser
820 3591 895 3644 pras·

371 3641 503 3710 positione
525 3641 636 3694 sic·uti.
658 3641 736 3692 Conf.
753 3657 775 3692 c.
798 3649 834 3693 it.
856 3646 895 3695 18.

371 3712 412 3758 25.
431 3710 471 3772 78.
489 3707 521 3760 V.
543 3716 570 3760 ct
591 3716 649 3760 not.
670 3706 705 3760 ad
726 3707 759 3761 G.
778 3710 806 3769 6,
824 3705 848 3759 3.
867 3717 896 3760 ct

369 3774 427 3827 Cic.
447 3791 489 3843 ep.
506 3786 536 3838 4,
558 3791 596 3827 12.

403 3871 458 3904 aun
479 3853 575 3904 duabus
596 3853 742 3924 logiombur.
792 3851 892 3912 Immo,

369 3921 531 3972 cohortibus:
551 3919 604 3972 vid.
621 3941 642 3973 c.
665 3937 708 3972 12:
729 3937 790 3971 nam
812 3937 894 3972 unam

370 3996 475 4042 tantum
499 3987 629 4057 legionem
649 3987 766 4038 Arimini
788 3985 892 4038 habuit.

368 4053 422 4106 vid.
433 4071 489 4124 cap.
503 4060 527 4108 8.
539 4053 605 4123 Ergo
617 4054 684 4106 benc
696 4053 802 4106 monuit
813 4053 891 4105 Davi·

367 4121 437 4181 sius,
449 4121 590 4190 legionibus
600 4119 754 4180 delendum,
766 4128 792 4172 et
802 4119 892 4171 cotun

368 4187 432 4238 tibus
465 4207 479 4238 o
506 4185 687 4256 superioribus
720 4187 891 4257 repetendum

366 4271 432 4306 esee.
449 4254 487 4304 Μ.
505 4253 572 4306 Vide
583 4263 610 4306 et
620 4273 643 4307 c.
663 4261 702 4307 rs.
720 4252 779 4315 uhi,
792 4255 891 4324 legione

367 4319 513 4372 diwdrcim
536 4333 682 4384 wnsemtu,
703 4323 768 4372 duur
793 4333 819 4371 Ω
844 4320 891 4372 ha·

356 4387 447 4442 ,huicce
471 4386 563 4440 Coesm
587 4387 687 4439 scribit.
733 4387 890 4442 Manifestus

367 4471 450 4517 uror,
462 4455 555 4524 quovis
566 4453 644 4508 modu
655 4453 796 4510 tollendus.
806 4453 888 4510 Dete·

964 3199 1024 3236 cum
1040 3181 1148 3235 OEnrhio
1164 3183 1316 3253 ἱεςίοιῶυς
1333 3184 1355 3236 si
1371 3182 1409 3235 coi
1423 3195 1463 3254 ur·

965 3253 1003 3320 gis
1031 3248 1136 3330 adridet
1164 3251 1258 3330 opipio
1286 3248 1396 3368 {ludenti
1438 3249 1463 3300 tl·

964 3319 1462 3454 trtdttt’tttttttttttn,

963 3453 1076 3512 Fanum,
1094 3452 1232 3504 neonem
1249 3469 1310 3503 occu
1348 3451 1462 3515 vit,qrna·

963 3535 1015 3590 que
1039 3517 1174 3570 Arretium
1198 3517 1286 3579 misit,
1330 3535 1371 3570 uas
1392 3527 1462 3566 rotun

963 3585 1074 3655 reliqum
1091 3583 1192 3636 habuit.

996 3651 1157 3704 Praetorem.
1175 3650 1367 3703 freinshcmius
1381 3650 1406 3698 iu
1420 3640 1462 3694 iud·

961 3719 994 3772 ad
1016 3719 1121 3770 Florum
1145 3717 1247 3776 mavult
1269 3719 1461 3784 prepucium.

961 3785 1007 3839 sed
1020 3786 1134 3864 Praetor
1150 3803 1226 3855 saepo
1243 3783 1350 3844 dicitur,
1364 3781 1404 3864 poi
1414 3793 1461 3830 cum

961 3853 1073 3936 impono
1089 3861 1201 3932 praeest..
1225 3852 1258 3904 V.
1282 3869 1332 3927 van
1356 3851 1461 3960 διενετῗὲ

960 3915 1451 4056 tihi?Ptttuifqttt‘i„

992 4052 1093 4119 ἅψαι
1110 4057 1238 4122 municipii
1255 4055 1387 4104 votauota
1408 4046 1460 4114 Qut·

959 4119 1022 4174 dum
1040 4139 1088 4191 pro
1108 4124 1235 4188 muruupii
1258 4119 1353 4174 habent
1375 4119 1458 4186 cicun,

958 4187 1051 4256 glossa.
1069 4187 1124 4240 Alii
1143 4187 1269 4239 mareau
1291 4187 1378 4238 inritis
1397 4181 1460 4233 honis

957 4254 1034 4307 codd
1046 4254 1095 4306 Th.
1109 4254 1240 4308 &utlaius
1252 4254 1319 4307 male
1335 4251 1459 4318 ablativum

956 4319 1390 4454 {iiiiiiff‘id‘ffiidiffiil-'i
1399 4322 1458 4446 {2⁶3¹}

955 4457 1073 4510 staturati
1088 4427 1228 4544 ambitione
1245 4455 1359 4528 cucifixus.
