3026 5264
1101 379 1194 478 311

231 647 1046 758 COMMENTARIORVM

353 933 417 993 DE
458 933 625 996 BELLO
665 935 911 998 Gutttctu

382 1302 554 1389 LIBER
594 1302 885 1390 OCTAVVS.

475 1553 788 1610 ARGVMENTVM.

277 1801 301 1890 1.
326 1805 476 1872 Praefatio
497 1811 531 1870 tt.
552 1807 656 1870 Hirtii.

274 1946 315 2006 tl.
336 1945 396 2006 Res
407 1956 506 2028 gestae
517 1946 550 2006 C.
570 1943 638 2006 Iulii
651 1941 785 2007 Caesaris
798 1967 824 2004 s.
840 1943 923 2008 vllt.
940 1923 1187 2011 Proe'ousulstus.

77 2067 154 2150 Cap.
179 2089 206 2126 1.
226 2067 316 2125 Nora
335 2068 505 2126 coniuratio
529 2066 699 2126 Gallorum.
751 2091 780 2126 2.
801 2068 831 2128 3.
853 2067 990 2152 Deceptis
1012 2069 1189 2150 Biturigum,

112 2165 145 2235 4.
167 2161 196 2222 5.
219 2163 367 2220 Carnutes
386 2162 536 2222 debellati.
588 2163 699 2223 6-22·
732 2161 893 2220 Bellouaci.
956 2163 1005 2222 23.
1037 2165 1190 2223 Commius

112 2259 241 2320 Atrebas
261 2258 382 2319 insidiis
396 2261 513 2343 petitus.
553 2259 602 2332 ab.
625 2259 674 2334 ²5·
694 2259 857 2319 Exercitus
868 2259 1027 2320 Romanus
1044 2262 1075 2318 in
1086 2261 1192 2341 plures

108 2369 209 2440 partes
227 2355 447 2438 divisusfines
467 2354 654 2434 Ambiorigis
673 2355 779 2413 iterum
800 2355 913 2412 vexati.
939 2355 976 2414 T.
989 2355 1141 2437 labicum
1153 2358 1189 2416 in
1305 2424 1307 2430 ,

116 2455 258 2514 Treviros
278 2457 392 2512 missus.
455 2456 586 2530 ati-291
607 2453 773 2512 [emonam
793 2471 814 2510 a
836 2451 1017 2528 Dumnaco,
1049 2453 1190 2514 Andium

112 2547 209 2622 duee,
230 2549 440 2632 obpugnatum.
470 2549 649 2632 Dumnmtn
662 2548 763 2607 vietus.
806 2547 856 2610 3ο.
872 2549 907 2608 C.
924 2538 1072 2610 Caninius
1084 2552 1190 2634 Drap·

104 2656 202 2726 petem
223 2656 250 2701 et
274 2645 443 2702 Lucterium
461 2645 655 2725 persequitur.
698 2641 748 2700 31.
771 2641 917 2700 Carnutes
939 2655 968 2701 et
976 2641 1136 2726 finitimae
1147 2647 1190 2704 ei-

106 2739 215 2798 uitates
235 2740 268 2796 in
278 2736 379 2821 fidem
402 2749 543 2822 receptae.
586 2738 635 2797 32.
657 2737 708 2798 33.
730 2737 889 2820 Drappetis
909 2751 936 2796 et
956 2740 1088 2799 Lucterii
1099 2741 1188 2823 suga

105 2831 140 2890 in
160 2829 301 2912 oppidum
327 2827 552 2891 Uxellodunum
566 2831 680 2914 ‚lquod
698 2830 857 2890 obsidetur.
906 2831 956 2906 34.
978 2831 1027 2892 35.
1050 2834 1187 2918 Drappes

103 2935 135 2986 et
154 2925 328 2996 Lucterius,
339 2912 533 3005 frumentum
553 2939 581 2984 et
601 2937 798 2984 commeatum
818 2921 995 3000 adducturi,
1015 2945 1058 2985 ex
1070 2925 1182 3009 oppido
1264 2977 1267 2992 .

106 3019 237 3095 egressi,
257 3039 278 3076 a
299 3018 336 3078 0.
359 3019 490 3080 Caninio
512 3021 626 3098 Legata
648 3019 767 3100 repulsi.
823 3018 873 3078 36.
902 3019 1039 3101 Drappes
1069 3033 1183 3102 capitas.

105 3115 159 3190 37.
180 3114 229 3176 38.
254 3113 481 3174 Uxellodunum
502 3109 638 3197 operibus
658 3114 815 3173 inclusum.
835 3111 873 3171 de
897 3115 1045 3172 Gutruata
1066 3115 1183 3196 subpli-

105 3210 190 3268 cium
212 3225 348 3270 sumtum.
400 3213 536 3288 39-43..
551 3209 703 3271 Adventus
726 3211 865 3271 Caesaris
884 3207 928 3266 ad
943 3211 1192 3282 Uxellodunum„

103 3305 255 3388 oppidani
274 3307 311 3365 ab
332 3323 413 3392 aqua
431 3307 583 3388 prohibiti.
604 3326 696 3388 opera
717 3307 924 3364 Romanorum
946 3307 1076 3367 insensa.
1102 3310 1183 3388 fisus

101 3401 209 3484 oppidi
228 3402 373 3462 eunieulis
392 3403 556 3462 intercisus.
598 3405 646 3476 44.
673 3401 860 3462 Uselloduni
872 3399 996 3462 deditio.
1012 3425 1113 3488 poena
1125 3427 1184 3488 op-

96 3494 299 3576 pidanorum.
322 3497 479 3581 Drappetis
498 3517 590 3556 mors.
610 3498 768 3556 lanterius
785 3495 955 3577 prehensus.
996 3497 1047 3571 45.
1063 3499 1183 3560 Treviri
1295 3527 1298 3534 ·

98 3608 122 3646 a
145 3587 283 3649 Labieno
304 3591 382 3650 vieti.
443 3593 491 3664 46.
513 3593 684 3676 Aquitania
703 3592 736 3651 in
754 3590 861 3676 fidem
880 3601 1007 3671 recepta.
1046 3590 1184 3656 hiberna.

97 3685 154 3763 47.
176 3687 227 3759 48.
251 3688 404 3748 Commius
424 3689 528 3747 vietus.
699 3719 700 3722 ¹

266 3826 320 3887 tlt.
343 3827 452 3886 Annus
470 3825 528 3885 IX.
550 3793 794 3888 Proeonsulstus.

53 3943 138 4026 Cap.
161 3949 212 4022 49.
231 3945 479 4030 Praefatiuneula
500 3947 639 4005 auctoris.
663 3945 803 4006 Caesaris
814 3941 1001 4025 indulgentia
1016 3947 1050 4004 in
1065 3943 1183 4006 Gallos.

99 4043 153 4102 ba.
176 4044 251 4102 Eius
272 4045 327 4102 iter
348 4043 381 4102 in
400 4011 546 4115 italiam,
569 4043 736 4102 Antonium
756 4053 789 4104 ut
809 4045 843 4102 in
860 4046 1003 4124 petitione
1015 4043 1180 4104 sacerdotii

96 4131 231 4196 adiuret.
273 4135 324 4198 51·
347 4133 459 4213 Caesar
479 4136 644 4220 magnffiee,
659 4151 805 4221 exceptus.
850 4137 898 4199 52.
923 4135 969 4196 53.
994 4137 1055 4196 Iter
1074 4139 1107 4198 in
1127 4137 1181 4196 ul·-

94 4233 240 4290 teriorem
266 4226 411 4291 Galliam.
433 4231 584 4293 Labienus
607 4225 728 4293 Galliae
748 4244 867 4313 togatae
883 4233 1062 4315 praefectus.
1089 4233 1180 4296 initia

55 4408 63 4422 δ
92 4327 169 4386 beili
189 4324 294 4386 ciuilis.
357 4329 407 4404 54.
429 4329 477 4390 55.
499 4329 684 4408 legionesa
707 4326 837 4393 Caesare
862 4353 919 4418 per
949 4348 1086 4402 russam
1108 4333 1181 4394 belli

94 4417 242 4506 Partbiei
260 4419 428 4504 deductae,
447 4425 588 4507 Pompeia
610 4425 752 4494 traditas.
