3026 5264
45 616 304 711 rninatumque
331 618 599 704 converterat,
625 639 705 690 rem
731 613 780 688 ad
800 639 905 690 arma
925 615 1058 692 deduci
1075 623 1167 692 stu«

48 728 173 806 debat.

95 848 131 919 5.
158 846 227 921 His
253 841 298 918 de
325 842 464 920 caussis
497 849 662 944 aguntur
702 845 827 920 omnia
865 844 1005 943 raptim
1045 853 1190 944 atque.

46 961 217 1050 turbate,
234 985 303 1038 uec
329 959 485 1038 docendi
512 961 679 1037 Caesaris
705 961 921 1060 propinquis
947 961 1025 1033 eius
1068 951 1159 1060 spa-
1250 1061 1251 1065 Ἴ

46 1077 143 1148 tium
169 1073 312 1161 datur;
337 1099 406 1150 nce
431 1074 608 1150 Tribunis
635 1075 750 1174 plebis
776 1075 832 1150 sui
860 1073 1012 1172 periculi
1032 1073 1162 1172 depre-

48 1191 185 1282 candi,
211 1215 330 1290 neque
357 1191 473 1266 etiam
499 1193 657 1266 extremi
683 1193 773 1268 iuris
798 1192 1061 1265 intercessione
1097 1215 1159 1264 re-

46 1308 216 1398 tinendi,
242 1307 343 1409 quod
369 1309 413 1384 1..
431 1305 535 1383 Sulla
559 1305 788 1404 reliquerat,
826 1306 988 1380 facultas
1025 1307 1158 1382 tribui·

47 1433 136 1513 tur;
162 1425 228 1503 sed
254 1426 299 1498 de
327 1451 393 1502 sua
419 1423 537 1502 salute
563 1426 723 1524 septimo
742 1423 801 1498 die
827 1426 993 1525 cogitare
1017 1451 1163 1526 cogun-

48 1547 130 1630 tur,
143 1539 246 1638 quod
264 1539 315 1614 illi
333 1539 644 1616 turbulentissimi
659 1540 910 1639 superioribus
928 1542 1160 1638 temporibus

50 1657 205 1730 Tribuni
226 1655 349 1756 plebis
374 1663 512 1732 octavo
540 1653 698 1754 denique
725 1681 851 1730 mense
870 1681 1024 1730 suarum
1042 1660 1158 1731 actio-

50 1799 137 1850 num
163 1775 346 1872 respicere
372 1800 416 1848 ac
436 1775 569 1850 timere
586 1779 822 1848 consuerant.
873 1775 1098 1849 Decurritur
1115 1773 1164 1848 ad

51 1887 136 1962 illud
164 1894 378 1966 extremum
405 1894 519 1986 atque
538 1886 714 1962 ultimum
733 1890 772 1962 S.
784 1889 829 1962 C.
844 1911 942 1985 quo,
959 1889 1026 1962 nisi
1048 1913 1163 1988 paene

52 2002 87 2082 in
112 2009 193 2106 ipso
218 2007 320 2080 urbis
344 2005 516 2082 incendio
536 2010 649 2102 atque
666 2006 704 2076 in
723 2003 979 2104 desperatione
993 2011 1165 2081 omnium

54 2119 195 2212 salutis,
209 2119 374 2200 latorum
389 2119 545 2196 audacia
558 2144 752 2217 nunquam
767 2130 853 2195 ante
869 2119 1069 2196 discessum
1086 2131 1142 2197 est
1152 2149 1175 2210 3.

410 409 491 472 nre.
523 412 550 470 1.
584 411 677 471 cir.
714 377 822 470 3-5.

57 2367 264 2514 leidriiae'eeisiii
274 2367 574 2508 rgggsshdlsstvpu'fi‘ell'p

57 2502 196 2623 plpll'rpnpon
214 2505 337 2558 occurrit.
376 2505 480 2574 Raptim
496 2503 572 2558 codd.

91 2651 208 2704 Tribwu'r
222 2653 312 2722 plebis.
330 2653 405 2707 Adeo
422 2655 489 2708 acris
511 2673 575 2708 cou-

60 2719 138 2769 tentio
156 2720 208 2770 fuit
224 2721 295 2773 inter
319 2719 464 2774 Consulem
488 2725 574 2774 Anto·

60 2785 129 2835 nium
155 2785 331 2858 Cassiumque
364 2787 518 2850 Tribunos,
547 2797 575 2842 et

59 2853 217 2919 Curionem,
241 2863 272 2906 ut
288 2855 322 2908 ad
338 2865 484 2908 uncinum
502 2856 574 2908 Con·

61 2918 143 2972 soliis
159 2921 299 2984 suaderet,
318 2941 332 2973 e
348 2924 417 2975 curia
435 2921 574 2984 discedere,

61 3002 91 3036 ne
124 2988 230 3042 tortasse
258 2987 425 3042 violarentur.
458 2991 575 3060 Appiuu.

63 3069 93 3111 ².
110 3051 149 3108 33.
181 3059 267 3122 .4rs.
285 3057 337 3110 Dio
354 3057 425 3109 coss.
445 3065 495 3122 41,
512 3077 536 3109 ι.
550 3056 574 3107 3.

61 3073 185 3173 Plutarcb.
199 3123 228 3176 tn
245 3121 318 3176 Caes.
334 3141 357 3176 c.
375 3123 416 3175 31.
434 3125 461 3174 in
475 3125 576 3176 Anton.

64 3203 83 3236 r.
96 3191 118 3236 5.
133 3189 200 3242 iiiuc
218 3189 309 3260 paullo
346 3199 403 3244 ost:
422 3191 578 3263 Prosugr'uot

62 3269 92 3300 ra
107 3255 165 3306 urbs
184 3257 300 3310 Tribuni.
317 3209 360 3310 uli.

91 3338 261 3390 nurroersr'on.
283 3336 338 3390 elii.
362 3342 575 3390 intercessionem.

93 3415 166 3468 Sulla
188 3419 338 3488 reliquerat.
361 3419 402 3472 Ci.
425 3437 446 3474 c.
475 3435 499 3485 7·
523 3419 578 3472 vid.

63 3479 160 3557 Ernesti
177 3485 253 3538 Clau.
271 3486 326 3538 Cic.
345 3487 374 3538 in
392 3485 459 3556 Lege
481 3487 579 3539 Corne·

64 3543 96 3598 ln
112 3549 274 3614 Tribunitia,
291 3551 338 3606 ubi
355 3562 383 3606 et
398 3563 489 3607 noster
505 3553 579 3608 locus

64 3614 214 3684 explicatur.
234 3621 278 3673 M.
446 3617 450 3626 '

95 3705 199 3782 septimo
222 3701 264 3782 die
288 3709 351 3776 post
374 3719 454 3834 apuam
479 3699 580 3782 litteras

64 3761 377 3890 ltttssttl¹l1?'¹’·¹
418 3768 580 3824 emmim

95 3924 181 3964 octavo
207 3933 291 3969 oreore
320 3934 424 3968 errorum
451 3919 580 3966 actionum

66 3977 122 4036 (sui
144 3984 259 4035 muneris
278 3983 305 4047 l,
325 3981 352 4036 h.
376 4002 398 4034 e.
421 4000 509 4034 mense
527 4001 581 4048 eo,

66 4059 115 4110 quo
133 4051 193 4100 novi
210 4049 336 4102 Consules
353 4049 530 4110 creabantur,
548 4067 580 4100 ex

67 4123 116 4180 qno
133 4123 250 4188 tempore
268 4117 383 4170 Tribuni
400 4115 448 4170 hos
465 4116 582 4186 desibmu·

68 4183 105 4228 tos
132 4181 260 4236 Consules
291 4187 384 4238 timere
416 4203 462 4236 coe
499 4191 582 4244 runt,
615 4184 619 4196 ‘

67 4243 159 4312 quibus
177 4251 307 4304 rationem
324 4261 444 4306 actorum
475 4250 583 4304 uberent

68 4311 177 4368 residere.
214 4317 259 4372 Sic
286 4318 413 4372 Cellurius
441 4337 473 4372 ex
500 4319 583 4370 Hoto-

68 4383 153 4434 mouni
173 4387 244 4438 notis
262 4383 404 4458 explicavit
421 4385 515 4439 locum.
539 4386 581 4438 M.

67 4439 124 4498 lton
151 4467 183 4504 cx
212 4469 264 4523 quo
294 4455 472 4523 mugistrotuut
501 4454 583 4506 iniere

637 2367 771 2428 Tribuni.
799 2377 829 2421 nt
857 2367 956 2422 Ursino
973 2377 1001 2421 et
1019 2366 1162 2424 Ciacconio

638 2440 727 2490 visum
749 2445 812 2488 erut.
837 2436 946 2490 Vossius
975 2436 1089 2490 ualebat
1113 2435 1166 2492 xlt

639 2503 697 2557 loco
715 2515 754 2558 τοῦ
771 2501 832 2556 ΠΧ,
857 2503 907 2554 l'ro
924 2521 1030 2554 suanam
1047 2505 1093 2554 aiii
1111 2521 1160 2553 ‘on-

640 2578 747 2624 rr'arum.
789 2570 857 2624 oud.
886 2571 994 2623 coniicit
1022 2587 1160 2622 variarunt.

639 2641 718 2693 Recte
735 2636 873 2706 vulgatum
890 2655 920 2690 ex
942 2637 1004 2690 licat
1021 2637 1120 2690 Morus.

675 2707 835 2758 Decurrinrr.
862 2733 894 2744 —
918 2657 948 2756 ii
970 2705 1001 2756 G.
1020 2704 1074 2756 vid.
1101 2703 1161 2780 Lis.

641 2773 672 2836 3,
701 2783 726 2840 4.
749 2771 860 2825 Sallust.
885 2773 944 2825 Cat.
967 2791 1008 2840 ²9·
1026 2773 1083 2824 Cic.
1102 2772 1161 2824 Cat.

644 2860 677 2903 ι,
703 2860 726 2893 2.
753 2841 891 2892 Gallonius.
910 2841 1065 2910 Comparari
1083 2839 1163 2893 debet

641 2906 718 2961 etde
742 2905 809 2965 hoc.
834 2916 862 2958 et
885 2907 917 2959 de
935 2905 1075 2968 omnibns,
1100 2925 1164 2978 qnos

642 2975 686 3028 hie
702 2983 864 3092 pderrantur,
879 2975 935 3028 cie.
951 2972 986 3027 ad
1003 2975 1104 3028 Divers.
1126 2968 1167 3035 ιθ,
1187 3041 1190 3048 Ι

646 3061 684 3096 ιι.
733 3077 740 3092 .

676 3110 707 3161 S.
733 3109 763 3161 C.
789 3109 856 3161 Vide
880 3108 995 3162 Brisson.
1023 3107 1057 3160 de
1085 3109 1163 3161 form.

644 3175 841 3247 1..2.§.101.

678 3245 791 3296 lotorum
816 3243 931 3294 audacio.
958 3240 1009 3296 Usi
1027 3259 1059 3296 ue
1082 3241 1170 3312 legeu-

645 3311 730 3372 dnm,
764 3311 945 3382 latronumque
1059 3315 1101 3372 “α,
1139 3319 1169 3364 ut

645 3378 781 3431 Manutius
810 3379 923 3430 monuit.
952 3375 1081 3430 Latrones
1106 3385 1170 3430 sunt

645 3446 755 3525 pessimi
773 3445 863 3498 cives:
886 3453 914 3496 et
932 3443 997 3522 ipse·
1006 3443 1101 3496 Cassan
1118 3441 1169 3500 hoe

645 3531 718 3631 liliis
730 3509 1172 3632 teidi,[ibreiuiiiiidis..diiliiliui2bhiis

645 3645 764 3715 Pompei.
781 3665 840 3718 cap.
859 3651 890 3699 58
901 3683 911 3707 ,
936 3648 1065 3715 Μάρκελλος
1084 3651 1171 3718 λῃστήν

648 3715 750 3770 teatin
779 3720 818 3770 riu
842 3725 959 3782 urespr-
984 3713 1015 3766 ld
1044 3714 1072 3768 iu
1094 3719 1171 3770 Caes«

645 3800 703 3852 cup·
732 3781 774 3832 3ο.
804 3787 905 3842 Aias-lor
925 3783 998 3850 iste,
1029 3787 1103 3836 ὅπλων
1125 3789 1171 3836 driu

647 3875 663 3904 r
681 3855 703 3907 is
733 3851 806 3902 liade
835 3857 937 3922 ipsein,
967 3851 992 3902 ai
1018 3854 1107 3918 tipus.
1131 3849 1173 3904 Me

673 3915 715 3970 ud.
741 3915 857 3986 explicat
883 3917 993 3970 amara
1015 3933 1105 3968 eorum
1127 3919 1173 3984 qui

648 3983 762 4034 tuter-nne
790 3991 818 4034 et
845 3981 892 4043 id,
929 3979 986 4036 seli·
1016 3989 1046 4032 ut
1077 3981 1170 4044 lieret,

648 4049 822 4122 perpulerunt
846 4051 995 4104 Senatores.
1021 4049 1173 4102 Gronovius

648 4117 728 4170 distr.
754 4117 783 4168 in
806 4116 874 4169 Stat·
898 4137 922 4170 c.
938 4115 963 4169 3.
983 4135 1010 4188 p.
1030 4133 1069 4168 20.
1092 4115 1172 4170 ucrlra

648 4183 711 4238 baec
735 4183 850 4236 latorum
866 4184 976 4235 nudauit
992 4185 1067 4235 uncis
1087 4184 1175 4236 inclu-

649 4250 689 4304 dn
708 4259 834 4322 tunquam
852 4251 1021 4322 parenthesin
1035 4259 1061 4303 rt
1074 4259 1176 4320 puncto

649 4317 813 4374 crclnmandi
831 4320 949 4388 insignit.
968 4319 1057 4371 Daris.
1072 4337 1175 4394 expuu-

649 4388 675 4457 gi
692 4386 814 4452 volcliot3
833 4396 901 4440 recte
914 4423 922 4446 ‚
937 4387 1024 4438 credo.

639 4465 646 4476 ’
684 4455 817 4507 discessum
828 4467 875 4507 css.
893 4453 956 4522 Lrg.
969 4454 1113 4507 deserueram
1124 4465 1176 4515 est,
