2986 5268
362 345 443 406 mn
477 345 545 404 vn.
580 343 671 403 car.
710 344 882 437 77-79.
939 295 944 410 ἶ
1066 341 1160 438 299

51 547 222 632 reduco,
256 549 334 620 iure
363 561 397 620 et
423 547 559 645 legibus
598 552 848 638 commutatis,
886 547 1068 622 securibus
1100 563 1175 621 su·¹

52 661 189 752 diecto,
212 673 383 760 perpetuu
404 667 579 758 premitur
604 668 782 737 seruitute.
1063 651 1081 738 .'

40 792 51 802 ‘
107 779 165 868 78.
193 775 392 848 Sententiis
412 775 546 861 dietis,
573 777 827 863 constituunt,
855 779 919 861 ut,
945 773 1009 870 qui
1028 773 1179 846 vaIItu··

52 891 139 965 dine
165 899 231 966 aut
257 898 379 964 aetate
405 889 552 962 inutiles
578 891 652 964 sint
677 890 795 979 bello,
822 890 956 988 oppido
984 890 1180 982 excedant,

52 1017 169 1106 atque
196 1009 321 1080 omnia
346 1007 449 1104 prius
475 1009 733 1102 experiantur,
760 1030 872 1102 quam
893 1005 939 1076 ad
958 1006 1167 1105 Critognati

52 1125 282 1194 sententiam
308 1117 555 1192 descendant:
592 1117 654 1191 illo
681 1127 806 1192 tamen
833 1121 956 1218 potius
982 1121 1168 1193 utendum
1248 1167 1250 1171 v

51 1234 229 1322 consilio,
255 1235 285 1305 si
307 1257 365 1305 res
389 1241 501 1332 cogat
519 1241 632 1330 atque
649 1233 790 1348 xauxilia
815 1241 1029 1318 morentur,
1049 1259 1164 1330 quam

50 1358 120 1424 aut
151 1351 346 1422 deditionis
386 1357 452 1420 aut
486 1351 587 1446 pacis
631 1349 860 1421 subeundam
895 1351 1160 1439 conditionem,

49 1462 247 1538 Mandubii
272 1516 281 1550 ,
303 1463 366 1558 qui
393 1487 456 1534 eos
483 1461 619 1560 oppido
646 1471 888 1560 receperant,
928 1490 1016 1538 cum
1041 1465 1165 1538 liberis

50 1588 167 1678 atque
196 1580 374 1650 uxoribus
401 1581 500 1650 exire
521 1581 721 1676 coguntur.
748 1581 820 1668 Hi,
848 1605 965 1676 quum
983 1581 1169 1654 admuni-

51 1697 176 1766 tiones
195 1693 451 1764 Romanorum
470 1692 726 1779 accessissent,
744 1689 872 1764 flentes
891 1695 1062 1766 omnibus
1084 1719 1168 1790 pre-

51 1809 160 1880 cibus
186 1809 363 1890 orabant,
392 1813 438 1879 ut
461 1831 525 1890 se,
553 1808 591 1878 in
617 1809 837 1880 servitutem
857 1801 1053 1904 receptos,
1080 1808 1165 1880 cibo

50 1926 243 1997 iuvarent.
275 1923 328 1995 At
354 1923 516 2011 Caesar,
549 1921 734 2020 dispositis
767 1923 805 1993 in
837 1921 936 1994 vallo
964 1923 1167 2014 custodiis,

50 2041 171 2138 recipi
198 2038 430 2137 prohibebat.
1035 2058 1038 2066 ·

101 2175 167 2250 79.
188 2155 332 2226 Interea
350 2151 542 2225 Commius
562 2157 599 2224 et
619 2149 747 2246 reliqui
768 2149 881 2224 duces
900 2207 911 2240 ,
928 2153 1061 2247 quibus
1075 2178 1169 2226 sum·

51 2291 117 2339 ma
135 2268 281 2364 imperii
298 2268 474 2364 permissa
483 2273 585 2354 erat,
600 2291 686 2338 cuin
697 2265 869 2337 omnibus
888 2270 1002 2364 copiis
1020 2268 1065 2338 ad
1085 2264 1168 2340 ale-

54 2384 149 2456 siam
176 2385 398 2482 perveniunt
426 2387 482 2470 et,
521 2381 615 2454 colle
652 2383 834 2453 exteriore
862 2391 1064 2483 occupatu,
1091 2397 1167 2457 non

53 2499 201 2600 longius
219 2504 259 2574 M
278 2500 442 2599 passibus
458 2497 503 2570 ab
523 2499 656 2570 nostris
673 2499 941 2573 munitionibus
957 2497 1165 2576 considunt.

53 2615 210 2688 Postero
237 2615 294 2688 die
320 2615 489 2710 equitatu
518 2637 564 2684 ex
584 2615 713 2684 eastris
736 2613 891 2701 educto,
913 2640 1062 2689 omnem
1082 2643 1167 2690 eam

53 2727 267 2826 planitiem,
290 2753 402 2825 quam
435 2729 473 2800 in
504 2727 773 2825 longitudinem
796 2729 848 2798 ltl
871 2729 971 2800 milia
992 2755 1167 2832 passuum

53 2841 568 2939 patere'demonstravimus5
596 2837 786 2936 complent
812 2840 1071 2940 pedestresque
1106 2869 1169 2918 co·

52 2959 133 3057 pias
159 2957 324 3056 paullum
344 2958 389 3028 ab
409 2981 453 3037 eo
473 2953 557 3028 loco
576 2955 719 3028 abditas
738 2959 774 3030 in
799 2956 890 3030 locis
917 2963 1168 3067 superioribus

54 3075 302 3146 constituunt.
327 3072 420 3142 Erat
437 3091 484 3144 ex
502 3071 636 3168 oppido
655 3071 777 3142 Alesia
796 3071 990 3170 despectus
1008 3076 1046 3146 in
1066 3099 1168 3146 cam·

53 3209 158 3284 pum.
184 3184 455 3270 Concurritur,
481 3185 537 3257 his
576 3186 719 3258 auxiliis
754 3189 859 3258 visis:
895 3186 938 3259 fit
964 3188 1166 3285 gratulatio

51 3299 153 3374 inter
178 3322 240 3370 eos
267 3305 379 3398 atque
405 3301 573 3373 omnium
601 3301 712 3373 animi
733 3300 780 3374 ad
798 3300 978 3374 laetitiam
998 3305 1167 3375 excitan-

938 3419 1008 3430 2...—

76 3625 261 3703 'eaperiantnn
279 3619 393 3690 Quidam
410 3617 487 3673 codd.
504 3638 577 3690 erpa·
645 3621 772 3692 oppidum
789 3630 837 3675 est.
856 3623 933 3676 conr.
950 3643 1007 3697 cap.
1025 3629 1066 3678 68.
1084 3625 1126 3676 Μ.

53 3691 171 3742 ‘ww‘
677 3713 805 3779 dispositis
821 3715 951 3766 custodiis.
1001 3718 1166 3770 Abstraetmn

88 3794 123 3844 ad
145 3791 211 3845 crit.
234 3802 298 3843 sene.
320 3790 383 3840 desc.
428 3789 486 3841 Etsi
501 3787 576 3840 codd.
646 3798 694 3850 pro
709 3791 837 3834 concreto.
855 3782 898 3836 Sic
915 3793 942 3835 et
960 3801 988 3846 a,
1007 3801 1047 3854 ας.

56 3877 156 3920 omnes,
179 3867 278 3928 practer
294 3857 428 3944 Onon-‘et
449 3854 576 3936 mataphr.
679 3893 730 3925 non
748 3876 849 3946 langiu,
867 3877 898 3926 M
909 3879 1031 3948 mmm,
1049 3879 1094 3932 Sic
1113 3875 1167 3947 plu.

56 3927 196 3986 Graecam,
215 3925 317 3994 legunt,
335 3944 351 3974 a
369 3925 435 3975 brat.
453 3934 578 3973 sarrienda
645 3943 706 3994 rimi
725 3941 799 3994 codd·
817 3951 843 3994 ep
859 3943 916 3996 edd·
934 3953 996 3996 ,etp
1017 3945 1088 4016 quod
1108 3963 1170 4013 pm,

54 3995 197 4070 dimam:
215 4001 302 4043 tmen
329 3989 448 4082 ‘515⁸‘ss
466 3989 525 4042 ,Μ
541 3987 579 4068 ,ιε’
646 4009 691 4060 bat
702 4009 859 4064 Guiscbard.
876 4011 960 4080 Vulgo
972 4009 1067 4082 legitur
1078 4012 1169 4078 Πρω·

56 4071 118 4114 etro.
163 4057 317 4112 perturbata
333 4055 415 4109 semel
432 4065 576 4116 sententia,
646 4079 719 4128 5in

57 4125 211 4200 perturbata
229 4135 292 4180 suut
311 4143 385 4194 porro
403 4123 493 4184 verba,
511 4142 577 4192 quae
745 4186 771 4198 Ι.

57 4202 221 4264 seqauntur:
247 4209 309 4244 nam
335 4193 361 4242 in
387 4189 477 4242 multis
501 4187 578 4241 codd.
677 4181 817 4246 planitiem.
837 4182 877 4235 cf.
894 4201 915 4237 c.
933 4185 973 4252 69.
991 4183 1034 4236 Μ.

56 4269 109 4313 es&
127 4261 174 4310 ‘'ll‘'
191 4272 277 4310 tamen
293 4271 406 4326 l‘'mim'‘
426 4271 462 4307 “b
482 4285 513 4295 ⁸·
541 4257 578 4306 Μ·
679 4285 779 4337 nbilitas
792 4290 809 4336 i.
822 4305 844 4336 e.
859 4288 999 4349 seiunctas,
1017 4289 1168 4344 abstractas·

88 4357 237 4414 llantur.
267 4355 356 4412 Alesia
372 4353 579 4412 thndubiorum
642 4350 687 4408 'nil
703 4371 762 4423 ergo
780 4359 927 4409 mutatione
945 4375 1020 4428 opus·
