3000 5268
356 403 437 464 un.
470 403 527 464 vr.
560 401 653 465 car.
689 403 767 498 29.
805 371 880 466 30.
1080 403 1171 464 221

58 535 193 703 bubque
233 605 460 680 Trevirorum
493 605 543 678 nd
574 605 727 681 Nervios
761 611 934 705 pertinet,
967 603 1181 702 milibusque

52 721 215 818 emplius
245 718 278 788 D
302 725 340 792 in
366 719 627 820 longitudinem
666 733 782 820 putet,
805 719 847 792 L.
874 720 1083 791 Minucium
1113 720 1184 792 Ba·

58 837 170 910 situm
197 861 285 912 cum
311 838 412 910 omni
432 837 614 934 equitatu
647 836 872 934 praemittit,
898 835 927 907 si
957 836 1045 931 quid
1080 835 1184 910 eele-

59 953 177 1025 ritate
195 951 336 1026 itineris
355 958 469 1050 atque
487 951 769 1050 obportunitate
797 950 976 1048 temporis
1003 948 1184 1048 proficere

59 1066 202 1166 possit3
228 1073 381 1156 monet,
414 1073 458 1140 ut
489 1066 593 1166 ignes
622 1065 700 1138 fieri
731 1067 768 1138 in
801 1065 933 1137 castris
968 1065 1184 1164 probibeat,

2 1193 7 1204 ‘
61 1205 110 1252 ne
139 1204 212 1278 qua
243 1181 321 1254 eius
354 1179 703 1280 adventuspr'ocul
734 1179 956 1281 significatio
986 1179 1073 1254 fiat:
1104 1202 1184 1263 sese

63 1297 266 1372 confestim
291 1297 465 1395 subsequi
491 1297 593 1372 dicit.

118 1418 181 1490 30.
206 1413 376 1505 Basilus,
410 1421 454 1488 ut
487 1416 714 1514 imperatum
747 1421 829 1505 est,
864 1413 981 1502 facit;
1016 1414 1186 1492 celeriter

63 1536 274 1628 contraque
293 1529 463 1602 omnium
488 1531 700 1630 opinionem
718 1529 891 1602 confecto
918 1531 1071 1617 itinere,
1090 1531 1187 1602 niut-

62 1658 124 1724 tos
151 1651 190 1722 in
216 1649 312 1750 agris
338 1649 574 1748 inopinantes
601 1647 863 1747 deprelrendit;
890 1671 1021 1720 eorum
1049 1649 1186 1732 indicio

63 1769 112 1841 ad
140 1769 261 1866 ipsum
288 1765 544 1868 Ambiorigem
578 1763 795 1848 contendit,
820 1790 895 1862 quo
922 1767 959 1837 in
986 1763 1071 1838 loco
1097 1791 1187 1841 cnm

65 1883 199 1982 paucis
225 1883 413 1981 equitibus
439 1905 517 1955 esse
544 1879 750 1956 dicebatur.
810 1878 977 1955 Multum
1004 1904 1120 1974 quum
1148 1883 1188 1953 in

64 1995 243 2070 omnibus
271 1997 404 2098 rebus,
430 2003 512 2072 tum
544 1997 583 2069 in
615 2021 654 2070 re
685 1994 835 2070 militari
870 2001 993 2093 potest
1024 1993 1187 2067 fortuna.

65 2116 169 2188 Nam
195 2114 293 2188 sicut
318 2138 456 2214 magno
483 2115 621 2188 accidit
647 2137 757 2201 casu,
777 2119 821 2186 ut
846 2113 883 2184 in
912 2115 1032 2210 ipsum
1061 2105 1209 2198 incon-⁸,

67 2239 155 2308 tum
184 2238 298 2330 atque
320 2233 433 2304 etiam
453 2232 667 2330 inparatum
695 2229 896 2318 incideret,
917 2230 1091 2327 priusque
1110 2231 1189 2302 eius

69 2349 258 2423 adventus
293 2351 342 2440 ab
375 2345 587 2434 hominibus
623 2345 833 2434 videretur,
859 2369 974 2442 quam
1009 2347 1107 2419 fama
1142 2372 1188 2421 ac

67 2465 231 2538 nuncius
257 2463 442 2536 adventus
469 2461 693 2534 adiceretur:
715 2463 766 2534 sic
791 2483 947 2559 magnae
975 2458 1045 2532 fuit
1072 2460 1189 2533 fortu-
1299 2503 1303 2510 ‹

68 2605 166 2670 rrae,
198 2569 309 2652 omni
335 2577 488 2652 militari
523 2579 798 2666 instrumento,
832 2576 932 2676 quod
970 2579 1112 2650 circum
1149 2603 1188 2652 se

68 2695 252 2784 babebat,
267 2701 415 2792 erepto,
428 2691 551 2766 rhedis
566 2697 741 2792 equisque
760 2692 1051 2790 comprehensis,
1066 2693 1189 2790 ipsum

68 2808 236 2908 effugere
263 2816 439 2881 mortem.
491 2807 563 2881 Sed
592 2807 663 2881 boc
699 2832 743 2880 eo
780 2807 921 2880 factum
956 2811 1034 2892 est,
1061 2805 1187 2901 quod,

69 2927 240 3000 aedificio
276 2925 509 3000 circumdato
540 2923 654 3015 silua,
703 2937 744 2998 ut
785 2939 870 2996 sunt
892 2922 982 3018 sere
1006 2923 1189 2995 domicilia

69 3039 274 3132 Gallorum,
300 3045 384 3140 qui,
412 3039 548 3116 vitandi
569 3055 689 3114 aestus
719 3064 870 3128 caussa,
894 3039 1103 3136 plerumque
1128 3039 1190 3109 sil-

4 3223 8 3232 .
68 3185 198 3234 varum
229 3183 273 3233 nc
305 3153 509 3258 fluminum
535 3169 661 3256 petunt
688 3159 992 3256 propinquitates,
1032 3154 1189 3226 comites

69 3275 344 3374 familiaresque
363 3276 439 3347 eius
457 3277 614 3374 arrgruto
632 3274 668 3343 in
688 3270 772 3344 loco
797 3269 996 3370 paullisper
1017 3273 1190 3366 equitum

70 3397 289 3463 nostrorum
308 3390 384 3462 vim
404 3389 673 3462 sustinuerunt.
699 3389 767 3460 His
794 3385 1065 3486 pugnantibus,
1084 3385 1191 3458 illurn

69 3505 108 3576 in
137 3527 278 3602 equum
305 3504 455 3602 quidam
483 3527 529 3596 ere
555 3505 629 3574 suis
661 3500 807 3574 intulit:
836 3501 1043 3600 fugientem
1074 3501 1190 3573 silvae

70 3625 263 3692 texerunt.
322 3619 393 3721 §ic
421 3627 459 3690 et
486 3615 532 3690 ad
559 3617 795 3690 subeundum
824 3615 1052 3714 periculum,
1078 3613 1190 3690 etad

71 3731 295 3822 vitandum,
319 3730 482 3806 multum
509 3733 662 3806 fortuna
690 3730 820 3804 valuit.

106 3976 137 4024 in
153 3971 267 4026 omnum
283 3972 364 4026 robus.
389 3977 422 4029 Τι’
438 3972 511 4024 rebus
528 3971 602 4025 deest
668 3981 720 4024 tur.
738 3969 1048 4040 Estergoinhaeetism
1101 3967 1191 4024 nient·
1279 3997 1282 4004 ⁴

72 4041 102 4093 in
120 4039 189 4094 aliis.
668 4059 762 4093 manus
779 4041 897 4093 &esuris
914 4041 1020 4091 incerta.
1036 4039 1079 4090 d.

72 4105 601 4230 ῃὶζνξῖἒῖἔῑῖῇξαπῖιωὲᾖῗὶἕῦ.
701 4147 809 4218 effugere
825 4159 941 4198 mortem.
980 4143 1131 4197 Cisornuius
1147 4159 1193 4194 exe

73 4241 199 4312 pluribus
215 4241 302 4295 mdis
324 4193 470 4294 yginum:
490 4261 537 4316 pm
554 4241 602 4291 ho,
668 4227 761 4287 pungit
777 4227 901 4280 morrem3
918 4213 964 4265 sed
980 4211 1055 4265 codd.
1069 4219 1193 4262 constan·

72 4311 181 4362 mm
207 4317 248 4361 “t
272 4310 401 4368 omnim
424 4329 473 4381 pro
497 4311 601 4360 'ml-m
669 4291 708 4334 ter
724 4281 969 4348 servant3Gruccus
987 4275 1191 4351 quoquchabct.

73 4386 116 4430 est
132 4381 244 4433 sturnis,
256 4385 284 4436 et
299 4381 422 4428 Moerum
438 4375 478 4428 vel
495 4378 602 4446 ponitur
702 4389 726 4426 et
743 4377 778 4427 ad
794 4375 954 4426 ineundus.
983 4369 1192 4428 uenerationis

76 4444 135 4508 bis,
152 4445 193 4499 ret
209 4452 271 4517 post
288 4449 392 4498 eumne
417 4453 520 4498 tentum
536 4444 603 4514 tegi·
670 4443 740 4498 Oud.
758 4461 772 4498 c
789 4441 864 4496 codd.
