3028 5258
405 337 485 402 nra.
521 339 578 402 111.
613 341 706 402 car.
746 305 920 438 5759·
1120 310 1210 402 531·

95 541 228 642 inopia
262 541 406 642 pabuli,
440 527 546 616 adeo
569 551 611 618 ut
645 529 756 619 foliis
775 570 821 620 ex
854 529 1048 620 arboribus
1074 549 1217 623 strictis
1287 575 1290 582 ’

98 663 140 732 et
165 659 302 730 teneris
329 657 553 738 arundinum
581 660 767 733 radicibus
794 663 979 750 contusis,
1005 685 1119 760 equos
1142 663 1217 738 ale-

93 778 208 846 rent:
236 773 424 848 frumenta
444 776 565 864 enim,
592 799 687 873 quae
706 775 971 850 fuerant'intra
990 779 1216 854 munitiones

95 890 204 976 sata,
238 895 521 963 consumserant
547 893 588 962 ct
614 891 867 991 cogebantur,
902 879 1067 988 Corcyra
1101 900 1215 990 atque

91 1007 329 1104 Acarnania,
356 1005 469 1106 longo
488 1007 686 1080 interiecto
711 1007 958 1106 navigationis
980 1011 1121 1108 spatio,
1147 1035 1215 1116 pa-

91 1124 227 1198 bulum
255 1124 507 1222 subportare:
535 1145 685 1221 quoque
712 1130 792 1198 erat
818 1127 896 1197 eins
923 1128 975 1200 rei
1002 1119 1124 1200 minor
1151 1152 1214 1202 co·

89 1239 180 1338 pia,
205 1237 343 1311 hordeo
362 1237 548 1340 adaugere
566 1244 681 1336 atque
699 1239 756 1312 bis
773 1240 980 1312 rationibus
992 1226 1210 1337 'equitatum

92 1355 273 1431 tolerare.
298 1349 392 1445 Sed,
418 1361 617 1454 postquam
644 1375 719 1429 nun
743 1355 856 1430 modo
883 1356 1062 1449 bordeum
1091 1359 1212 1456 pabu-

88 1469 248 1572 lumque
267 1472 438 1546 omnibus
454 1471 546 1545 locis
564 1473 774 1571 barbaeque
794 1474 984 1563 desectae,
1010 1463 1207 1549 sedetiam

90 1591 245 1666 frondes
279 1617 327 1665 ex
362 1589 555 1663 arboribus
589 1586 835 1681 deficiebant,
875 1595 1070 1691 conruptis
1103 1596 1209 1692 equis

87 1711 233 1799 macie,
255 1707 469 1784 conandum
486 1707 556 1780 sibi
574 1705 713 1805 aliquid
730 1703 930 1808 Pompeius
948 1709 993 1784 de
1011 1708 1223 1810 eruptione

89 1821 334 1896 existimavit.
900 1897 909 1910 ,

142 1933 203 2032 59.
239 1937 358 2007 Erant
387 1931 487 2030 apud
522 1932 717 2006 Caesarem
751 1959 798 2008 ex
834 1936 1006 2034 equiturn
1042 1961 1197 2012 numero

84 2051 311 2150 Allobroges
336 2047 411 2121 duo
434 2045 591 2133 tratres,
621 2046 807 2120 Roscillus
832 2051 872 2122 et
898 2051 1052 2150 Aegos,
1078 2053 1207 2128 Adbu-

84 2165 165 2242 cilli
192 2167 286 2256 filii,
318 2168 380 2264 qui
406 2165 661 2262 Principatum
692 2164 731 2234 in
759 2164 912 2239 civitate
943 2145 1204 2308 mulqlsannis
1244 2260 1248 2280 .

87 2282 345 2368 obtinuerat,
383 2277 559 2377 singulari
607 2277 747 2350 virtute
791 2277 989 2366 bomines',
1016 2289 1199 2377 quorum

85 2419 202 2494 opera
227 2395 364 2468 Caesar
389 2391 561 2465 omnibus
594 2389 756 2464 Gallicis
776 2391 880 2465 bellis
909 2395 1051 2492 optima
1079 2394 1206 2468 fortis·'

84 2514 256 2611 simaque
282 2516 364 2586 erat
394 2533 493 2582 usus.
545 2507 613 2581 His
646 2506 746 2579 domi
779 2505 828 2580 ob
855 2507 921 2581 bas
945 2511 1094 2584 caussas
1119 2517 1214 2586 'ami

80 2624 270 2725 plissimos
296 2625 552 2725 ,Magistratus
578 2621 825 2694 mandaverat
860 2625 973 2720 atque
999 2648 1061 2696 eos
1092 2630 1200 2698 extra

82 2739 254 2814 ordinem
281 2741 318 2813 in
345 2740 524 2812 Senatum
551 2735 726 2836 legendos
756 2742 982 2824 curaverat,
1018 2759 1202 2834 agrosque

82 2857 123 2930 in
152 2857 301 2946 Gabia,
329 2879 375 2929 ex
402 2851 569 2928 hostibus
598 2858 729 2949 captos
757 2853 995 2949 praemiaque
1014 2853 1066 2925 rei
1085 2875 1202 2951 pecu-

85 2971 225 3044 niariae
251 2993 388 3070 magna
413 2967 596 3042 tribuerat
622 2965 901 3064 locupletesque
936 2977 983 3036 e'x
1008 2966 1202 3062 egentibus

82 3087 235 3162 fecerat.
260 3087 309 3164 Hi
337 3092 489 3184 propter
515 3083 696 3156 virtutem
724 3103 798 3152 non
825 3077 956 3153 solum
973 3080 1072 3178 apud
1098 3083 1196 3154 Gae-

82 3225 206 3274 sarem
232 3203 269 3273 in
299 3199 438 3272 bonore
465 3203 596 3287 erant,
623 3196 686 3267 sed
718 3195 831 3267 etiarn
860 3191 961 3292 apud
987 3195 1200 3270 exercitum

82 3319 162 3390 cari
201 3317 459 3391 habebantur:
502 3313 566 3388 sed
605 3311 690 3384 freti
733 3309 899 3383 amicitia
930 3309 1117 3399 Caesaris,
1155 3307 1196 3386 et

81 3429 200 3504 stulta
239 3455 282 3503 ac
322 3429 481 3502 barbara
516 3425 734 3526 adrogantia
772 3423 895 3514 elati,
943 3423 1202 3523 despiciebant

80 3567 170 3618 suos
195 3541 494 3642 stipendiumque
521 3544 692 3640 equitum
720 3539 944 3614 fraudabant
959 3545 1000 3614 et
1015 3535 1193 3639 praedam

114 3759 275 3811 Aromata.
302 3751 468 3812 Mardandos
488 3753 507 3807 l.
523 3773 546 3809 c.
564 3755 604 3808 le·
671 3763 760 3816 recte,
788 3761 873 3826 puto,
902 3756 952 3808 atsi
980 3753 1057 3810 codd.
1083 3762 1111 3807 ct
1134 3757 1195 3812 edd.

78 3829 119 3907 pit
137 3827 289 3885 Candavia,
306 3825 366 3894 qnia
383 3824 533 3875 Acarnania
549 3832 605 3876 crat
670 3831 736 3875 vett.
760 3821 876 3876 obstant.
907 3821 980 3894 Quid
1002 3821 1073 3874 cuim
1089 3823 1195 3940 {pacem

78 3913 110 3947 m
139 3893 258 3946 Caesaris
287 3898 434 3961 potestate5
469 3891 604 3942 Candavia
669 3889 702 3943 ad
746 3887 816 3940 uos?
832 3907 971 3960 quosmor
985 3889 1097 3942 foliisar
1134 3909 1196 3943 rum

77 3969 171 4015 contra
194 3959 243 4013 snb
266 3958 400 4040 lffompcio.
425 3957 459 4011 V.
482 3977 504 4010 c.
529 3974 556 4010 ιι
576 3967 603 4010 ct
669 3909 832 4036 cliiiircrat.
872 3956 948 4010 lstnd
957 3958 1039 4028 Jtom
1056 3957 1144 4035 forsan
1161 3973 1194 4008 ex

76 4023 361 4148 &ogqufqdcltpi-qu
378 4023 484 4144 HAcbtius3
495 4033 603 4160 {abobi
668 4022 900 4168 llbblqribfflrb
911 4032 1193 4159 ptqqtqqrtvi‘qunqpqqpssqq

112 4164 213 4228 seuam
230 4189 263 4200 -
279 4157 436 4242 desuetam.
465 4157 609 4228 Quaedam
669 4157 702 4210 do
719 4157 817 4228 euolog.
839 4157 933 4216 1,33.

77 4219 140 4282 eald.
178 4247 241 4282 rons
261 4227 390 4296 dejiciebat
411 4246 424 4279 c
444 4229 601 4280 coniectura.
701 4229 728 4276 in
745 4229 855 4276 civitate.
872 4223 928 4275 Alii
945 4227 973 4273 in
988 4227 1123 4275 avienum.

76 4299 117 4348 M.
168 4303 199 4348 o'c
215 4285 314 4364 reecpit
331 4293 463 4347 Davisius.
481 4292 602 4346 Clnrkius
694 4291 866 4362 fraudatam.
882 4291 929 4343 Sic
944 4291 1016 4361 apud
1033 4291 1141 4342 Livium
1157 4292 1195 4356 ⁴,
1273 4294 1276 4305 ¹

78 4383 142 4419 cum
161 4365 262 4417 Fatrno
272 4361 387 4434 frondes
402 4363 600 4436 -dafisiebanu
661 4357 807 4416 ,raeodd
828 4355 938 4430 quidam
952 4356 1109 4429 jroudando
1125 4374 1192 4428 par·
