3068 5260
377 339 456 402 Lm.
492 344 518 400 1.
553 342 646 400 car.
691 309 859 402 18-20.
1109 307 1173 398 23

53 547 95 619 in
116 543 304 644 Populum
321 545 536 622 Romanum
563 545 756 638 studium,
782 569 968 620 summam
988 544 1027 618 in
1045 567 1084 618 se
1103 569 1177 616 vo-

55 659 270 748 luntatem,
295 661 482 760 egregiam
502 660 631 750 fidem,
657 662 860 748 iustitiam,
887 661 1178 758 temperantiam

56 778 312 873 cognoverat:
333 797 440 864 nam,
459 799 503 846 ne
522 775 599 848 eius
617 774 798 875 supplicio
813 775 988 848 Divitiaci
1007 775 1177 846 animum

56 893 292 982 offenderet,
319 891 531 965 verebatur.
571 894 702 989 ltaque
729 893 944 990 priusquam
973 891 1176 988 quidquam

56 1013 286 1095 conaretur,
308 1006 537 1081 Divitiacum
556 1005 603 1078 ad
621 1029 659 1078 se
679 1007 806 1078 vocari
831 1005 936 1076 iubet
961 1013 1023 1094 et,
1050 1007 1177 1102 quoti-

57 1124 183 1197 dianis
210 1123 475 1221 interpretibus
501 1124 678 1210 remotis,
704 1148 770 1220 per
796 1124 836 1196 C.
864 1120 1054 1196 Valerium
1084 1126 1178 1197 Pro-

57 1237 219 1327 cillum,
258 1239 462 1336 principem
498 1235 640 1308 Galliae
675 1238 914 1335 provinciae,
954 1235 1177 1311 familiarem

57 1375 195 1441 suum,
222 1354 282 1424 cui
310 1375 495 1424 summam
522 1351 690 1422 omniurn
716 1375 842 1424 rerum
864 1350 975 1423 fidem
992 1350 1174 1437 habebat,
1202 1433 1205 1442 ¹

59 1491 152 1538 cum
171 1489 215 1538 eo
234 1465 494 1564 conloquitur:
521 1463 633 1542 simul
655 1464 962 1552 commonefacit,
983 1488 1078 1562 quae
1095 1466 1175 1563 ipso

58 1591 257 1684 praesente
291 1587 329 1658 in
363 1581 522 1658 concilio
550 1579 744 1654 Gallorum
771 1581 816 1654 de
841 1581 1071 1680 Dumnorige
1100 1585 1177 1656 sint

59 1701 193 1788 dicta,
228 1705 266 1772 et
301 1697 488 1796 ostendit,
522 1720 617 1793 quae
651 1697 851 1795 separatim
878 1695 1032 1792 quisque
1057 1693 1104 1768 de
1129 1721 1175 1768 eo

58 1817 163 1914 apud
190 1842 228 1889 se
255 1816 411 1892 dixerit:
439 1815 535 1913 petit
562 1820 673 1910 atque
700 1812 899 1900 hortatur,
924 1817 969 1883 ut
993 1811 1071 1882 sine
1097 1815 1177 1886 eius

58 1935 279 2008 obtensione
299 1933 410 2006 animi
429 1930 489 2003 vel
509 1930 585 2030 ipse
605 1929 649 2003 de
664 1953 729 2019 eo,
759 1953 889 2002 caussa
907 1929 1175 2027 cognita,sta-

60 2058 174 2140 tuat,
197 2051 257 2124 vel
282 2051 478 2124 civitatem
503 2054 667 2126 statuere
694 2047 833 2118 iubeat.

114 2170 396 2243 20..Diviliacus
415 2163 542 2239 multis
561 2187 648 2237 cum
662 2161 844 2250 lacrimis,
862 2163 1058 2236 Caesarem
1073 2189 1176 2236 com-

59 2283 214 2383 plexus,
235 2283 430 2356 obsecrare
453 2280 597 2378 coepit,
616 2303 660 2350 ne
682 2277 771 2376 quid
786 2281 938 2374 grauius
956 2284 995 2350 in
1006 2277 1172 2374 srotrcm

56 2411 250 2470 stutraeret:
274 2401 368 2470 scire
392 2421 431 2470 sa
466 2395 529 2468 itta
552 2417 628 2466 esse
654 2417 759 2480 voro,
785 2417 849 2464 nec
873 2416 1087 2490 quemquam
1127 2415 1177 2462 es

56 2538 98 2584 eo
121 2513 231 2609 plus,
258 2537 367 2608 quom
392 2535 459 2599 se,
492 2510 624 2582 doloris
650 2530 803 2604 capere,
840 2520 1027 2602 propterea
1052 2503 1148 2604 quod
1162 2557 1178 2590 ,

58 2655 172 2726 queam
206 2631 282 2724 ipse
311 2632 436 2726 gratio
467 2626 666 2725 plurimum
699 2623 797 2694 domi
828 2637 934 2721 atque
968 2628 1006 2696 in
1040 2626 1176 2722 reliqua

60 2743 203 2829 Gallia,
237 2742 295 2812 itte
326 2746 517 2812 miru'mum
547 2751 692 2836 propter
726 2737 999 2810 adolescentium
1023 2753 1177 2837 posset,

54 2881 124 2952 per
147 2881 187 2927 se
211 2858 407 2926 crevisset:
446 2855 573 2953 quibus
599 2853 723 2950 opibus
749 2878 792 2923 ac
819 2857 936 2926 neruis
962 2879 1033 2924 non
1056 2855 1176 2924 solum

59 2967 110 3040 ad
145 2967 374 3040 narrandam
410 2971 599 3067 gratiana,
645 2965 711 3038 scd
746 2990 859 3062 paena
896 2965 946 3038 od
978 2969 1174 3064 perniciem

58 3109 166 3154 suom
183 3097 364 3155 uteretur:
390 3109 467 3156 sese
486 3097 603 3158 tomen
620 3087 654 3156 et
672 3084 967 3180 amoresroterno
989 3099 1023 3158 et
1048 3089 1173 3157 existi-

58 3203 215 3271 matione
240 3200 343 3296 vulgi
367 3205 589 3274 commoveri.
649 3201 754 3300 Quod
777 3211 812 3272 sr'
836 3203 924 3299 quid
946 3207 981 3275 ei
1004 3230 1027 3273 a
1053 3203 1182 3274 Caeso·

53 3343 101 3401 ¹re
121 3321 276 3416 grovz'us
299 3318 511 3406 accidisset,
534 3343 645 3415 quum
666 3323 743 3416 ipse
762 3344 844 3390 eum
862 3321 980 3394 locum
996 3311 1178 3392 arnicita‘ne

56 3435 158 3532 opud
182 3461 263 3508 cum
289 3447 439 3517 teneret,
466 3441 643 3509 nerninem
667 3439 983 3523 existimaturum,
1011 3467 1082 3511 non
1105 3465 1176 3510 arur

61 3550 240 3623 uoluntate
263 3547 441 3640 firma:
479 3575 549 3648 qua
587 3575 634 3622 ea·
672 3576 711 3624 re
738 3551 942 3641 futurum,
975 3557 1031 3622 uta'
1066 3557 1178 3622 totius

61 3659 200 3732 Galliae
224 3667 385 3732 animia
411 3685 450 3733 se
474 3663 724 3736 averterentur.
751 3667 853 3736 Haec
873 3689 989 3762 quum
1007 3662 1176 3761 pluribus

65 3774 188 3844 verbis
213 3771 302 3846 flens
327 3799 349 3845 a
374 3774 529 3848 Caesare
553 3785 719 3876 peteret,
743 3779 877 3858 Caesar
899 3781 976 3851 eins
1006 3775 1178 3868 dextram

67 3887 239 3984 prendit:
259 3887 472 3962 consolatus
493 3899 620 3992 rogat,
644 3893 756 3965 finem
778 3892 907 3966 orandi
925 3893 1058 3965 faciat:
1081 3889 1178 3964 tanti

99 4105 129 4157 C.
156 4105 294 4158 Valerium
311 4107 462 4160 Procillum.
495 4107 538 4162 sic
563 4118 590 4161 et
658 4107 692 4161 ab
709 4107 768 4161 edd.
796 4107 880 4180 rulgg.
922 4109 965 4162 M.
991 4109 1096 4164 Omissa
1121 4109 1180 4164 su'l.

66 4187 140 4238 ΜΛ.
156 4182 183 4224 et
216 4175 255 4225 53.
292 4175 339 4228 Gr.
371 4184 506 4244 sspaazr‘rlw
531 4177 590 4229 MS.
659 4177 821 4246 aScaligero
838 4180 956 4230 restituit
974 4177 1106 4231 Davisius·

26 4283 32 4296 .
66 4239 136 4292 male
156 4241 333 4302 Mocillam,
356 4243 523 4293 Tranur'tlnm.
689 4263 737 4312 per
750 4251 918 4304 secrevisset.
943 4245 992 4298 Per
1008 4245 1180 4298 Divitiacum.

98 4309 319 4360 inconcilioGalt.
338 4309 416 4362 etc.
437 4311 591 4362 16-18.M.
660 4311 774 4364 Graecus
803 4314 872 4365 inter
894 4328 932 4365 rus
955 4311 1022 4364 male
1051 4320 1075 4369 οἳ
1101 4319 1180 4373 ἑαυτοῦ

96 4389 124 4426 ot
141 4376 261 4430 ostaerrdr't.
294 4377 363 4432 Haec
389 4377 468 4432 verba
495 4377 594 4432 absunt
660 4377 797 4432 referendo
815 4379 849 4434 ad
892 4383 1061 4452 umuorigm.
