3068 5260
344 337 406 455 34
690 369 759 426 un
795 366 931 424 nauco
964 362 1086 425 aaut.

392 573 454 649 31.
479 571 535 648 Eo
562 565 720 645 concilio
755 569 936 660 dimisso,
961 569 1073 644 iidem
1105 567 1289 670 principes
1322 570 1461 648 cirita·

342 693 443 778 tum,
463 689 525 786 qui
552 693 639 760 ante
656 685 805 757 fuerant
831 687 877 758 od
904 685 1118 774 Caesarem,
1135 689 1377 758 reverterunt
1394 710 1461 783 pe-

340 807 579 902 tieruntque,
597 803 652 876 un
676 803 747 875 sibi
773 809 918 876 secreto
947 804 986 874 in
1012 799 1165 874 occulto
1183 800 1229 874 de
1248 825 1316 874 sua
1342 804 1464 878 omuid

341 946 481 1021 umque
501 923 620 994 salute
640 943 728 994 cum
749 943 793 992 eo
817 943 925 1019 agere
941 919 1084 993 liceret.
1110 919 1164 992 Ea
1179 940 1227 996 ‚re
1252 919 1463 1017 inpetrata,

342 1065 419 1115 sese
453 1061 583 1113 omnes
618 1035 749 1111 flentcs
781 1035 928 1110 Caesari
966 1035 1014 1109 ad
1047 1035 1158 1134 pedes
1194 1037 1460 1134 proiecerunt:

342 1183 411 1232 non
449 1162 570 1228 minus
609 1177 649 1228 se
689 1153 731 1225 id
770 1151 980 1227 contendere
1017 1165 1052 1226 et
1091 1149 1280 1236 laborare,
1321 1179 1368 1227 ne
1398 1180 1463 1242 ea,

341 1297 433 1378 quae
469 1273 672 1360 dixissent,
706 1273 1008 1357 enuntiarentur,
1040 1291 1148 1364 quom
1182 1271 1239 1340 uti
1273 1291 1344 1351 ea,
1374 1295 1466 1367 quoe

342 1393 497 1480 vellent,
522 1393 764 1484 inpetentem,
788 1399 981 1485 propterea¹
1014 1383 1111 1482 quod
1121 1438 1133 1469 ,
1168 1387 1204 1456 si
1232 1390 1466 1460 enuntiatum

341 1523 465 1598 esset,
497 1531 680 1580 summum
712 1510 751 1577 in
785 1507 986 1576 eructatmn
1018 1523 1058 1573 se
1092 1511 1256 1574 venturos
1290 1500 1464 1576 uiderent.

342 1625 513 1702 Locutus
538 1627 595 1695 est
622 1645 689 1720 pro
716 1619 773 1693 his
800 1619 1010 1691 Divitiacus
1037 1609 1206 1690 Aeduus:
1236 1615 1377 1693 Galliae
1406 1635 1463 1692 to-

344 1744 417 1812 tius
440 1738 631 1834 sactiones
662 1759 740 1809 esse
772 1733 894 1806 duas:
927 1731 1059 1804 lrarum
1092 1731 1241 1804 alterius
1271 1737 1464 1834 princepa-

344 1871 423 1931 tum¹
458 1871 574 1928 tenere
610 1851 780 1940 Aeduos,
820 1849 968 1922 alterius
1002 1846 1200 1920 Aruernos.
1264 1845 1320 1920 Ht'
1352 1876 1466 1950 quum

345 1987 526 2072 tantopere
557 1967 601 2044 de
632 1979 817 2068 potentatu
849 1971 942 2038 inter
975 1989 1016 2037 se
1051 1964 1183 2036 multos
1220 1992 1345 2058 annos
1375 1995 1465 2040 con-

344 2091 550 2179 tenderent,
570 2085 721 2180 sactum
751 2107 854 2172 esse,
887 2087 943 2154 uti
972 2076 1018 2153 ab
1056 2079 1233 2154 Aruernis
1273 2079 1465 2183 Sequants.

345 2232 414 2306 que
439 2203 611 2276 Germani
633 2199 793 2274 mercede
817 2207 1093 2274 arcesserentur.
1174 2187 1316 2270 Honun
1344 2203 1467 2295 primo

345 2321 490 2392 circiter
527 2316 628 2386 milia
668 2301 746 2388 XV
779 2309 947 2385 Rhenum
985 2315 1186 2382 transisse:
1226 2324 1466 2412 posteaquam

345 2459 458 2534 agros
476 2439 479 2446 ’
496 2443 532 2504 et
565 2428 702 2502 culttun
737 2441 773 2500 et
807 2431 929 2528 copias
969 2425 1155 2501 Gallorum
1192 2419 1354 2504 homines
1379 2429 1470 2526 feri

346 2572 393 2620 ac
431 2543 577 2616 barbari
613 2541 870 2632 adamassem,
915 2543 1141 2616 transductus
1175 2543 1330 2642 plures.-
1369 2569 1468 2618 nuna
1502 2549 1509 2560 '

219 2705 230 2728 .
346 2687 424 2738 esse
448 2667 487 2734 in
515 2657 631 2734 Gallia
656 2657 706 2732 ad
730 2658 761 2729 C
785 2672 820 2733 et
843 2646 886 2732 X
890 2648 925 2732 X
951 2661 1093 2734 milium
1127 2685 1348 2734 nwnerum:
1382 2685 1469 2734 cum

347 2770 407 2850 lu's
446 2772 591 2846 Aeduos
629 2789 821 2870 eorumque
856 2773 1001 2848 clientes
1039 2773 1152 2847 semel
1184 2787 1291 2873 atque
1333 2777 1469 2847 iterum

349 2890 462 2958 armis
488 2885 737 2969 contendisse,·
769 2911 944 2986 magnam
979 2887 1218 2962 calamitatem
1246 2887 1374 2985 pulsos
1405 2913 1474 2958 ac-

350 3007 512 3102 cepisse,
545 3027 686 3076 omnem
716 3003 960 3094 nobilitatem,
992 3029 1133 3076 omnem
1162 3017 1355 3092 senatum,
1389 3031 1470 3077 om·

353 3141 434 3189 nem
468 3123 666 3216 equitatum
691 3123 869 3191 amisisse.
945 3117 1081 3219 Quibus
1109 3120 1255 3216 proeliis
1285 3117 1477 3190 calamita·

351 3233 513 3333 titusque
531 3233 709 3329 fractos,
733 3239 798 3333 qut
829 3247 864 3309 et
897 3257 964 3306 sua
1000 3239 1128 3309 virtute
1161 3248 1196 3308 et
1228 3235 1364 3334 Populi
1395 3235 1477 3307 llo-

353 3352 455 3420 mant'
477 3347 632 3447 lsospt'tt'o
658 3352 765 3448 atque
788 3352 952 3423 amicitia
973 3349 1174 3446 plurimum
1203 3363 1287 3423 ante
1314 3351 1355 3422 in
1386 3347 1477 3422 Got-

353 3565 411 3618 Alr.
434 3575 521 3616 terrae
536 3561 656 3634 ulfi-uae.
675 3561 780 3618 Gellius
799 3563 834 3628 3,
854 3569 878 3618 8.

353 3637 382 3686 in
400 3647 472 3684 terra
489 3633 580 3684 ltalia.

382 3701 496 3772 suerent
507 3701 543 3750 ad
555 3698 709 3762 Caesarem,
730 3705 748 3752 i.
771 3717 794 3752 e.
807 3699 880 3772 apud

305 3774 308 3782 “
355 3767 499 3822 menam.
522 3767 564 3820 M·
586 3765 631 3822 sie
654 3767 686 3830 3,
705 3786 721 3837 9
740 3768 776 3820 ad
792 3785 880 3822 omnes

356 3841 483 3888 nationes.
502 3835 609 3889 Terent.
626 3835 722 3890 Heeut.
740 3843 770 3898 5,
790 3853 822 3900 t,
836 3839 880 3888 26.

355 3921 410 3956 esse
426 3903 462 3954 ad
480 3919 605 3956 sororem.

946 3565 1036 3618 visum
1047 3566 1157 3628 reseres,
1174 3565 1249 3637 apud
1261 3565 1317 3620 Cic.
1338 3566 1399 3620 tiit.
1419 3574 1477 3622 at.

947 3637 1042 3684 tacitas
1065 3647 1090 3684 et
1113 3634 1225 3686 occultus
1247 3637 1421 3687 alterationes.

981 3723 1124 3780 potentatu.
1149 3711 1207 3764 [tv.
1231 3717 1284 3775 ιθ,
1308 3717 1348 3767 28.
1374 3715 1478 3766 aemulo

946 3793 1102 3849 potentatus.
1126 3779 1249 3834 Locum.
1272 3780 1325 3833 dir.
1353 3783 1417 3834 inst.
1440 3785 1456 3834 θ
1468 3820 1477 3844 ,

952 3863 989 3908 ¹7·
1013 3847 1124 3899 bonores
1137 3861 1163 3899 et
1174 3860 1323 3906 potentatus
1342 3862 1368 3901 et
1386 3867 1477 3920 regere.

949 3913 1003 3968 vid
1021 3911 1209 3970 Buuemannut
1229 3915 1263 3969 ed
1287 3916 1411 3970 [incunt
1435 3917 1477 3971 Μ.

390 3983 487 4022 secreto
510 3975 538 4023 in
560 3971 665 4023 ooadto.
694 3973 742 4030 Sic
770 3971 882 4048 quidem

357 4037 482 4104 codices3
502 4037 548 4092 sed
578 4037 619 4089 vel
642 4055 761 4106 sterno,
789 4043 831 4094 vel
855 4047 882 4092 tn

357 4105 455 4155 οσωὶιο
480 4104 629 4158 tollendum
646 4127 717 4164 osse.
745 4111 807 4179 quis
827 4123 883 4162 non

358 4181 454 4242 sponte
473 4172 568 4226 ridet?
589 4171 628 4224 Μ.
645 4183 680 4235 ‘ro'
697 4188 793 4230 secreto
812 4175 884 4242 glos-

358 4255 416 4293 sam
442 4242 520 4309 sapit·
549 4239 688 4297 tuitiones
715 4253 766 4297 vet.
786 4243 885 4298 hebent
922 4285 929 4294 .

358 4319 455 4358 teneto
484 4320 509 4358 et
535 4307 640 4360 occulto.
674 4311 704 4365 Si
736 4320 825 4365 temen
855 4331 887 4363 u-

360 4383 485 4446 trumque
505 4377 616 4427 retinere
634 4377 699 4431 velit
713 4415 721 4436 ,
734 4393 796 4432 tum
815 4380 885 4433 nun.

359 4443 438 4516 prius
466 4441 500 4497 ed
527 4443 669 4508 auditum,
701 4447 832 4516 posterius
853 4445 888 4502 sd

984 3996 1110 4048 mecedo
1130 3996 1172 4049 Cf.
1194 3999 1229 4058 6,
1257 4013 1294 4049 ιι.
1317 3996 1361 4048 M.
1410 4009 1413 4014 “

986 4089 1187 4128 arcesserentur.
1218 4075 1252 4129 al.
1282 4082 1477 4131 aroeutremm.

952 4141 998 4198 Sic
1019 4151 1057 4204 5,
1084 4161 1121 4194 ιι.
1141 4149 1271 4196 arcessiri.

986 4228 1070 4292 coplas
1088 4223 1234 4279 Gallorum.
1247 4223 1402 4287 fiscullates,
1423 4227 1479 4279 fru-

953 4302 1075 4344 mentum
1095 4303 1145 4346 ctc.
1168 4295 1247 4346 Cous.
1271 4313 1307 4353 a,
1334 4310 1373 4346 ιο.
1396 4307 1432 4361 4,
1455 4303 1478 4358 t.

954 4361 1037 4414 ‘fucit
1064 4380 1092 4420 ι,
1113 4366 1154 4414 68.
1186 4361 1218 4414 Η.
1240 4381 1275 4422 a,
1299 4363 1339 4417 32·
1361 4365 1400 4427 3,
1423 4365 1463 4416 60.

988 4445 1102 4501 clientes.
1122 4445 1175 4503 vid.
1195 4445 1251 4501 iud.
1271 4443 1323 4504 Μ..
