3060 5276
385 385 466 446 mu.
504 385 562 446 111.
598 385 691 448 cnr.
722 354 900 454 23-25.
1106 357 1195 452 501

81 587 121 660 in
149 583 274 664 hostes
307 586 586 679 incitaverunt,
618 589 815 688 primoque
847 589 979 691 inpetu
1012 612 1130 670 unam
1157 613 1205 670 ex

80 704 141 780 his
158 704 432 804 quadriremem
451 729 540 780 cum
559 708 762 806 remigibus
780 705 1111 806 defensoribusque
1128 712 1206 786 suis

82 825 284 920 ceperunt,
319 817 480 918 reliquas
504 822 667 918 turpiter
691 822 860 924 refugere
886 829 1106 926 cot'gerunt.
1145 825 1205 906 Ad

82 939 158 1014 boo
186 937 454 1014 detrimentum
482 939 659 1028 accessit,
694 943 763 1031 ut,
788 941 977 1040 equitibus
1004 967 1071 1042 per
1096 966 1204 1022 orans

81 1054 328 1126 maritumam
356 1052 404 1127 ab
429 1054 596 1130 Antonio
622 1054 836 1155 dispositis,
868 1057 997 1156 aquari
1030 1057 1207 1157 prohibe*

82 1173 231 1242 rentur.
258 1170 344 1263 Qua
375 1171 598 1246 necessitate
624 1175 664 1246 et
694 1171 898 1271 ignominia
930 1177 1124 1271 permotus
1144 1173 1206 1246 ti·

83 1285 152 1374 bo,
178 1285 347 1362 discessit
364 1310 388 1360 a
403 1285 619 1377 Brundisio,
642 1285 967 1389 obsessionemque
986 1297 1204 1374 nostrorum

83 1401 224 1474 omisit.

137 1514 198 1586 25.
223 1511 335 1588 Multi
369 1512 444 1590 ianr
478 1537 623 1590 meuses
656 1515 885 1592 transierant
917 1521 959 1594 et
982 1514 1102 1592 biems
1128 1515 1206 1594 iam

83 1631 419 1729 praecipitaverat,
456 1654 575 1730 neque
600 1629 797 1706 Brundisio
828 1655 944 1708 naves
967 1630 1223 1733 legionesque·

82 1743 132 1820 ad
158 1745 354 1820 Caesarem
380 1745 600 1820 veniebant:
618 1770 664 1821 ae
684 1743 885 1824 nonnullae
911 1747 991 1822 eius
1016 1749 1069 1822 rei
1097 1771 1207 1848 prae·

84 1867 280 1936 termissae
303 1863 516 1940 occasiones
530 1862 677 1938 Caesari
705 1861 952 1950 videbantur,
976 1863 1077 1964 quod
1104 1871 1208 1942 certe

85 2000 195 2075 saepe
222 1974 406 2052 flaverant
431 1978 557 2066 venti,
583 1977 720 2075 quibus
745 1979 953 2054 necessario
970 1978 1207 2054 committeu-

85 2091 177 2162 dum
211 2092 474 2166 existimabatr
512 2098 729 2190 quantoque
760 2095 839 2166 eius
870 2090 1031 2192 amplios
1056 2115 1208 2192 proces·

84 2214 186 2282 serat
211 2210 410 2308 temporis,
436 2202 546 2282 'tanto
573 2215 680 2282 erant
706 2206 904 2283 alacriores
927 2209 974 2283 ad
997 2209 1207 2302 custodias,
1260 2287 1264 2298 ¹

85 2327 153 2424 qui
179 2322 357 2398 classibus
383 2331 605 2424 praeerant;
635 2325 891 2422 maioremque
918 2324 1094 2400 fiduciam
1123 2351 1209 2424 pro·

88 2439 239 2512 bibendi
267 2439 455 2514 habebant
481 2445 519 2512 et
545 2437 685 2512 crebris
709 2441 863 2540 Pompei
889 2439 1024 2514 litteris
1048 2443 1209 2544 castiga·

89 2553 253 2644 bantur,
292 2555 473 2652 quoniam
504 2555 626 2654 primo
659 2557 872 2629 venientem
901 2554 1097 2630 Caesarem
1130 2579 1208 2630 non

87 2669 381 2766 prohibuissent,
407 2676 451 2744 ut
475 2669 638 2768 reliquos
660 2672 739 2746 eius
761 2673 950 2746 exercitus
975 2671 1207 2771 inpedirent:

73 2787 290 2888 duriusque
323 2787 492 2887 quotidie
524 2794 675 2886 ternpus
714 2787 761 2862 nd
796 2788 1126 2891 transportandum
1157 2789 1210 2866 le·

89 2901 255 2979 nioribus
274 2903 395 2977 ventis
413 2903 694 3002 exspectabant.
721 2903 867 2997 Quibus
887 2905 999 2980 rebus
1016 2910 1210 3006 permotus

125 3157 204 3210 Multi
214 3177 310 3210 memes
328 3161 505 3220 transierant,
520 3173 552 3209 ex
565 3175 617 3230 quo
684 3155 732 3211 let.
761 3156 817 3211 Iam
843 3157 910 3212 darn
931 3157 976 3218 bi,
1005 3159 1051 3228 qui
1077 3157 1212 3212 Brundisii

92 3224 189 3278 caesar
209 3223 379 3280 Brundisium
397 3235 511 3278 venerat.
537 3225 617 3277 Cous.
685 3233 762 3291 sunt,
779 3234 931 3304 morantur,
944 3225 1010 3296 quid
1022 3227 1212 3278 nanciscuntur

90 3311 149 3372 cap.
175 3309 208 3372 ²!
231 3293 373 3372 ubietiam
392 3291 505 3345 desero
527 3311 617 3372 mense
686 3291 1090 3372 morundo?qusdesspectsnt?
1106 3291 1211 3370 Nempe

91 3359 167 3412 silius
189 3367 291 3414 stinerrs
318 3379 349 3412 ex
372 3360 480 3414 Usserio
502 3359 619 3414 admons-
686 3359 779 3412 durrus
804 3359 923 3430 quotrdse
948 3368 1052 3430 ternpus
1075 3357 1109 3411 ad
1137 3377 1212 3410 narr·

91 3437 155 3507 turn¹
168 3437 216 3480 est.
233 3431 271 3480 Η.
289 3427 321 3480 V.
335 3436 365 3508 et
381 3447 404 3480 c.
424 3429 449 3479 δ.
495 3496 500 3507 Ι
583 3494 589 3508 ·
686 3425 800 3497 gendum
823 3425 875 3478 fiet.
893 3427 1026 3507 Hactenus
1042 3425 1118 3504 bene.
1141 3423 1213 3480 illud

127 3493 207 3546 bserss
226 3507 449 3565 praesentaverat.
472 3494 516 3550 Sse
539 3492 618 3552 Ond.
686 3513 748 3547 vero
778 3494 914 3546 lenior-rbus
943 3505 1023 3546 venus
1050 3493 1118 3564 qurd
1144 3491 1213 3546 est?

95 3561 118 3612 Τ
121 3563 177 3613 rist.
198 3580 231 3624 s,
257 3561 292 3622 3,
311 3573 352 3628 47.
369 3581 423 3612 nox
438 3566 619 3632 praecipitato.
687 3566 749 3618 An.
774 3562 838 3632 quis
861 3560 947 3614 lenies
967 3561 1031 3614 sssre
1053 3562 1128 3613 venti
1149 3560 1213 3613 tun·-

94 3628 171 3682 Alibi
188 3643 293 3692 nesus,
347 3643 448 3681 romnus
462 3648 606 3708 praeceps..
687 3627 816 3700 piebnnt?
838 3627 893 3682 Sed
909 3626 959 3681 boo
975 3628 1119 3707 ¹fuissetiis
1135 3627 1213 3681 valde
1262 3629 1267 3634 '

128 3697 199 3778 qnod
225 3647 482 3752 arreffironovius
511 3697 621 3750 coniicit
687 3693 857 3775 cpmsnodum
874 3693 1048 3768 posthumis
1066 3694 1213 3774 'indemen-

94 3763 333 3885 wbtriirsrffsitlderlr'dirlris
357 3835 423 3897 (se,
454 3839 500 3884 aut
523 3835 621 3896 nares)
688 3763 862 3883 ἒιεέῒὴιξὲῗ
878 3761 1215 3902 ἔξᾚροιίῗεηξυίῗιὲἓ

94 3901 264 3953 anamma.
283 3899 325 3952 Μ.
689 3917 730 3951 res
758 3907 852 3950 ventus
888 3897 923 3950 nd
956 3893 1212 3968 trsnspo'rtnnduns,
1294 3915 1297 3922 ·

169 3965 462 4036 “οἰωεὶὸω(Ροιπρείὶ)
470 3977 620 4036 premant.
689 3964 868 4035 exspectando
883 3965 1018 4036 accipiunt
1035 3963 1151 4036 quotidie
1168 3963 1214 4016 du·
1230 3997 1235 4006 ·

71 4033 140 4090 ‘C·
157 4051 180 4087 r.
202 4035 295 4090 rtrM.
690 4036 743 4086 rins
771 4041 884 4104 tempus.
907 4032 961 4087 Sed
978 4031 1027 4084 boo
1050 4048 1105 4084 non
1122 4041 1163 4084 sst
1184 4032 1214 4084 in

129 4102 269 4171 duriusque
284 4129 318 4144 ·-
334 4101 519 4170 exspectabant.
552 4099 622 4154 Base
689 4101 797 4162 verbis,
815 4101 869 4152 uisi
885 4101 921 4153 sie
939 4099 1056 4168 legatur:
1075 4099 1215 4167 duriusque

97 4167 178 4222 verbs
205 4179 269 4222 sunt
293 4167 410 4222 obscura.
440 4167 558 4239 Quinam
578 4187 623 4221 ex·
690 4186 733 4236 qu.
752 4180 867 4236 τωρωι,
890 4165 1068 4238 exspectandis
1092 4165 1152 4228 (rel
1168 4183 1213 4237 op·

96 4235 276 4308 spectabant?
293 4236 439 4290 Caesariani
457 4253 491 4289 an
508 4235 622 4306 Pompe-
690 4233 801 4298 tendis)
825 4235 862 4286 ad
885 4233 1115 4306 ermporwndum
1136 4233 1215 4284 tersio·

97 4303 174 4358 iani?
199 4303 229 4357 si
246 4305 526 4374 syrmiusequarie,
549 4303 623 4354 Pons·
690 4305 759 4355 ribus
772 4307 853 4354 ventis
869 4302 1056 4370 exspestmm.
1074 4301 1112 4354 Μ.
1129 4299 1215 4354 cim

130 4371 207 4424 inni:
226 4373 249 4423 si
266 4389 339 4432 rem,
357 4371 516 4424 Caesariani.
548 4369 623 4422 Prae·
691 4369 738 4422 dat
765 4370 980 4439 exspectabam,
1028 4365 1102 4442 qnod
1129 4365 1218 4443 placet

97 4389 216 4493 issemus
233 4457 292 4511 erqo
308 4437 355 4502 it,
383 4438 455 4514 quod
477 4458 518 4496 res
535 4449 624 4513 postu·
691 4436 802 4492 luriuio.
