3026 5264
343 402 425 462 ιιι.
459 405 545 464 ιιιι.
580 407 672 466 cnr.
711 374 883 477 50-52.
1073 379 1167 474 353

50 606 141 679 turn
165 604 327 703 primum
356 607 455 680 enim
483 609 659 683 veniebat
685 610 732 684 ab
759 609 822 685 illo
855 613 1048 686 universae
1077 613 1170 688 Gal·

51 718 125 792 liae
151 720 261 794 bebo.
312 721 414 796 Nihil
440 721 745 822 relinquebatur,
776 725 876 822 quod
911 724 958 798 ad
993 735 1169 800 ornatum

52 845 275 936 portarum,
303 839 506 930 itinerum,
532 839 702 914 locorum
729 843 922 931 omnium,
942 867 1015 940 qua
1033 843 1169 916 Caesar

50 955 176 1028 iturus
202 960 304 1042 erat,
331 955 535 1054 excogitari
561 961 697 1054 posset.
748 957 845 1030 Cum
884 957 1007 1032 liberis
1049 964 1169 1034 omnis

50 1065 259 1140 multitudo
287 1068 438 1141 obviam
464 1069 707 1166 procedebat:
726 1070 869 1143 hostiae
887 1071 1059 1174 omnibus
1076 1071 1169 1146 locis

51 1183 361 1260 inmolabantur:
386 1183 555 1258 tricliniis
582 1187 708 1260 stratis
735 1187 815 1260 fora
853 1185 1066 1286 templaque
1108 1213 1169 1261 oc·

51 1301 310 1399 cupabantur,
335 1308 380 1375 ut
406 1300 466 1373 vel
493 1303 800 1400 exspectatissimi
826 1302 1006 1403 triumphi
1025 1304 1169 1380 laetitia

49 1415 215 1513 praecipi
243 1423 377 1514 posset.
420 1415 544 1488 Tanta
561 1421 642 1488 erat
660 1417 938 1517 magnificentia
956 1417 1055 1518 apud
1069 1442 1167 1517 opu-

49 1527 253 1620 lentiores,
280 1530 464 1630 cupiditas
491 1529 590 1628 apud
616 1530 845 1604 humiliores.

105 1645 167 1717 52.
194 1648 322 1738 Quum
350 1671 478 1718 omnes
503 1647 671 1745 regiones
697 1645 839 1720 Galliae
865 1652 1016 1748 togatae
1033 1649 1169 1725 Caesar

49 1763 365 1862 percucurrisset,
390 1784 537 1835 summa
565 1787 654 1835 cum
680 1761 869 1836 celeritate
895 1764 942 1837 ad
961 1770 1170 1840 exercitum

50 1878 374 1950 Nemetocennam
413 1875 547 1948 rediit:
587 1875 868 1976 legionibusque
909 1902 957 1950 ex
996 1875 1169 1954 omnibus

49 1990 215 2064 hibernis
242 1993 289 2064 ad
315 1991 405 2064 fines
431 1991 675 2064 Trevirorum
701 1993 887 2081 evocatis,
909 2015 957 2080 eo
975 1992 1167 2091 profectus

51 2114 110 2180 est
134 2109 260 2205 ibique
286 2108 494 2181 exercitum
519 2105 705 2180 lustravit.
732 2109 777 2182 T.
798 2095 1006 2182 Labienum
1027 2111 1169 2185 Galliae.

52 2223 222 2319 Togatae
248 2221 446 2321 praefecit,
476 2245 550 2318 quo
577 2222 717 2294 maiore
736 2222 1061 2296 commendatione
1079 2249 1170 2297 con·

52 2335 243 2426 ciliaretur
282 2336 330 2410 ad
363 2335 586 2409 Consulatus
619 2337 852 2434 petitionem.
902 2337 983 2434 Ipse
1014 2341 1166 2408 tanturn

50 2451 231 2524 itinerum
259 2450 445 2541 faciebat,
472 2455 654 2546 quantum
682 2452 771 2523 satis
797 2473 874 2523 esse
909 2449 956 2520 ad
982 2451 1167 2522 mutatio-

51 2589 139 2637 nem
173 2563 366 2654 locorum,
403 2571 558 2663 propter
599 2563 884 2650 salubritatem,
918 2562 1167 2636 existimabat.

50 2679 108 2748 lbi
135 2701 364 2776 quamquam
392 2678 524 2750 crebro
552 2677 752 2768 audiebat,
777 2677 984 2760 Labienum
1024 2677 1170 2766 abini-

49 2791 160 2864 micis
185 2792 260 2864 suis
286 2791 504 2880 sollicitari3
532 2794 744 2892 certiorque
770 2793 903 2882 fiebat,
928 2791 966 2864 id
993 2793 1051 2890 agi
1079 2815 1170 2889 pau-

52 2930 187 2981 corum
214 2907 399 2997 consiliis,
426 2916 489 2998 ut,
507 2910 726 3008 interposita
744 2911 904 2982 Senatus
923 2909 1173 2998 auctoritate,

52 3020 179 3118 aliqua
204 3027 310 3120 parte
337 3024 522 3096 exercitus
548 3022 797 3122 spoliaretur;
825 3030 952 3095 tamen
979 3045 1097 3119 neque
1125 3021 1170 3094 de

48 3137 215 3210 Labieno
243 3138 400 3213 credidit
427 3139 656 3238 quidquam,
684 3162 824 3236 neque,
852 3143 986 3211 contra
1007 3140 1172 3211 Senatus

50 3252 321 3324 auctoritatem
347 3260 392 3326 ut
412 3247 557 3351 ¹aliquid
584 3253 749 3342 faceret,
778 3251 901 3350 potuit
927 3251 1083 3339 adduci;
1112 3253 1168 3324 iu·

50 3363 203 3437 dicabat
229 3368 348 3456 enirn,
374 3365 500 3438 liberis
526 3369 718 3440 sententiis
746 3373 896 3466 patrum
933 3367 1167 3464 conscripto-

50 3505 142 3554 rum
167 3505 339 3556 caussam
365 3509 472 3556 suam
499 3483 605 3574 facile
633 3485 806 3556 obtineri.
833 3485 930 3558 Nam
957 3483 998 3555 C.
1025 3482 1168 3574 Curio,

85 3759 152 3812 cm
168 3759 254 3811 laberis
275 3767 326 3812 etc.
348 3758 452 3812 Similia
474 3757 507 3812 dc
529 3757 581 3810 Cn·
645 3759 705 3810 nuit
721 3757 852 3811 Davisius.
870 3757 913 3809 Μ.
931 3757 1008 3810 Cous.
1020 3757 1075 3811 Cic.
1091 3760 1172 3830 epist·

51 3829 127 3880 ιἰὀιιε
138 3825 272 3879 Plutarch.
285 3829 314 3879 in
326 3827 450 3896 Pompeio
467 3843 524 3904 cup.
540 3829 580 3878 58.
645 3825 679 3878 ad
696 3827 777 3880 Attic-
800 3843 829 3886 ι,
850 3847 870 3878 ι.
1255 3829 1257 3843 '

50 3903 80 3946 et
97 3896 126 3946 iu
143 3893 252 3947 Caesare
267 3913 325 3964 cap.
340 3893 381 3946 3ο.
392 3903 420 3946 ot
431 3901 580 3963 Appianas.
679 3893 782 3944 Labicis.
790 3893 934 3944 sollicitari.
951 3892 987 3943 Et
996 3893 1071 3944 stetit
1080 3902 1176 3962 postca-

51 3963 113 4014 civ.
132 3978 162 4022 2,
179 3977 220 4024 27.
239 3979 266 4032 p.
284 3966 341 4026 446.
646 3978 662 4011 a
678 3959 799 4030 Pompeii
815 3957 943 4029 portibus.
961 3959 1099 4010 cellarius.

85 4029 246 4079 humiliores.
264 4027 320 4079 Alii
335 4029 471 4080 nselrnres..
680 4028 844 4096 spoliaretur.
874 4027 950 4078 Cnuf.
973 4046 1029 4096 cap.
1054 4032 1100 4090 54,
1123 4025 1171 4080 ubi

85 4115 143 4172 arm
154 4095 289 4146 ostentate.
309 4094 374 4148 bene
386 4097 433 4152 sic.
452 4095 497 4148 alii
509 4113 581 4165 pras·
646 4093 696 4147 lroc
713 4104 837 4147 narratur.
855 4093 887 4144 ln
908 4095 997 4164 paucis
1014 4095 1062 4171 iis,
1074 4093 1105 4166 de
1136 4095 1173 4146 ui·

53 4163 224 4284 ”siponida
235 4164 368 4281 omigpnlt..
457 4232 487 4293 46
549 4238 559 4282 ι
647 4160 736 4279 bulph.
745 4161 767 4280 ὲ
782 4171 934 4280 serrposesp,
967 4160 1120 4232 ruecrpuob
1149 4180 1173 4211 ι·

53 4247 171 4348 ΜΛΝ
224 4247 268 4279 nn.
327 4247 440 4300 meap.
491 4249 545 4281 .ex
560 4247 581 4281 r.
646 4247 676 4280 co
699 4247 729 4278 us
769 4247 835 4280 onsu
877 4247 925 4280 nr.
974 4266 981 4278 .

85 4335 93 4350 .
197 4331 203 4350 .
681 4297 798 4347 obtineri.
816 4294 930 4348 subaudi
944 4313 1026 4363 posse.

86 4363 272 4415 madidaretur
291 4363 392 4416 civibus
409 4364 535 4416 Romanis
553 4365 582 4414 in
681 4363 771 4414 Curio.
789 4362 837 4416 llle
854 4372 909 4424 cst,
924 4362 958 4416 ad
977 4379 1054 4431 quem
1072 4360 1174 4414 Cicero-

52 4431 158 4492 Gallia,
169 4430 289 4496 suffragii
297 4431 340 4483 ius
347 4429 516 4484 habentibus.
524 4432 581 4484 lllo·
648 4429 691 4482 nis
708 4429 836 4501 epistolae
849 4429 906 4497 (lib.
922 4433 949 4494 2)
963 4438 1077 4482 exstant.
1095 4429 1174 4512 Conl-

158 4530 315 4606 Cassan.
342 4529 537 4608 Commeat.
576 4529 687 4602 Tom.
714 4531 744 4606 l.
938 4531 1022 4626 Yy
