3040 5264
363 353 423 478 98
730 383 785 440 os
821 383 956 441 usuro
991 383 1113 443 once.

360 586 399 660 in
419 585 525 659 vadis
544 587 789 660 consisterent
806 585 947 675 tutius,
973 592 1031 676 et,
1058 586 1104 658 ab
1130 589 1234 660 aestu
1257 584 1477 678 derelictae,

357 700 452 778 nihil
471 724 561 774 saxa
577 705 616 772 et
630 707 759 775 cautes
773 701 970 775 timerent:
990 724 1151 799 quarum
1165 725 1291 774 rerum
1306 705 1475 776 omniurn

354 817 495 891 nostris
522 817 682 890 navibus
709 841 817 890 casus
844 823 951 890 erant
977 815 1256 890 extimescendi.

414 937 472 1020 14.
499 931 764 1032 Compluribus
789 933 1012 1034 expugnatis
1029 933 1197 1031 oppidis,
1223 929 1391 1021 Caesar,
1415 933 1474 1004 ubi

356 1047 564 1139 intellexit,
595 1051 731 1124 frustra
759 1056 909 1124 tantum
935 1047 1101 1130 laborem
1118 1049 1235 1138 sumi,
1266 1071 1391 1146 neque
1410 1048 1475 1119 lio-

353 1163 468 1235 stium
487 1163 615 1266 lugam
630 1165 752 1266 captis
770 1165 913 1266 oppidis
933 1165 1109 1263 reprimi,
1137 1185 1256 1260 neque
1274 1161 1333 1235 his
1351 1161 1475 1236 noceri

353 1304 483 1379 posse,
507 1281 642 1355 statuit
668 1283 960 1382 exspectandam
985 1280 1156 1355 classem.
1183 1283 1288 1374 Quae
1306 1279 1374 1352 ubi
1394 1305 1474 1352 con·

355 1399 460 1470 venit
476 1423 520 1471 ac
536 1399 701 1498 primum
721 1399 767 1472 ab
782 1399 951 1472 hostibus
967 1399 1046 1471 visa
1060 1403 1116 1472 est
1132 1451 1143 1486 ,
1170 1397 1321 1470 circiter
1340 1396 1474 1470 CCXX

289 1547 294 1552 ·
354 1537 469 1587 naves
496 1539 626 1588 eorum
653 1511 908 1614 paratissimae
936 1521 1048 1614 atque
1075 1515 1178 1589 omni
1199 1537 1336 1614 genere
1356 1505 1474 1590 armoss

352 1657 437 1706 rum
456 1628 734 1723 ornatissimae,
757 1632 948 1732 profectae
967 1657 1013 1704 ex
1031 1637 1165 1732 portu,
1183 1633 1324 1705 nostris
1340 1634 1473 1706 adver⁴

353 1773 414 1820 sae
432 1750 704 1822 constiterunt:
732 1773 851 1846 neque
883 1747 972 1820 satis
998 1749 1141 1836 Bruto,
1162 1749 1224 1846 qui
1244 1747 1352 1822 classi
1371 1775 1474 1850 prae·

353 1869 456 1954 erat,
471 1863 531 1936 vel
544 1863 720 1936 Tribunis
746 1863 907 1936 militum
927 1863 1313 1961 Centurionibusque,
1336 1866 1473 1962 quibus

351 1973 519 2075 ringulae
537 1993 652 2051 naves
670 1985 775 2051 erant
794 1978 1027 2070 adtributae,
1046 1977 1265 2067 constabat,
1284 1977 1376 2076 quid
1392 2001 1473 2077 ‚age

351 2094 459 2180 rent,
486 2097 552 2164 aut
568 2115 680 2190 quam
701 2094 885 2167 rationem
903 2117 1050 2193 pugnae
1071 2093 1295 2165 insisterent.
1330 2091 1472 2164 Rostro

351 2207 450 2280 enim
477 2209 602 2283 noceri
631 2235 704 2282 non
723 2231 829 2310 posse
848 2217 1126 2309 cognoverant3
1155 2209 1321 2282 turribus
1342 2216 1471 2282 autern

326 2317 556 2415 excitatis,
582 2333 709 2400 tamen
737 2325 803 2400 has
831 2325 991 2398 altitudo
1019 2326 1199 2424 puppium
1226 2347 1274 2396 er
1299 2322 1472 2396 barbaris

351 2441 509 2514 navibus
535 2441 759 2538 superabat,
788 2449 831 2514 ut
858 2465 978 2538 neque
1004 2464 1052 2513 ex
1077 2439 1250 2514 inferiore
1276 2437 1362 2512 loco
1380 2440 1471 2512 satis

351 2555 548 2629 commode
576 2556 649 2630 tela
670 2556 778 2630 adiici
798 2563 977 2656 possent,
1005 2563 1043 2630 et
1061 2557 1171 2629 missa
1188 2555 1235 2628 ab
1256 2553 1374 2630 Gallis
1394 2581 1472 2657 gra·

352 2675 434 2744 vius
450 2671 672 2752 acciderent.
699 2675 784 2747 Una
810 2680 891 2748 erat
910 2698 1045 2774 magno
1067 2674 1146 2746 usui
1167 2699 1226 2748 res
1244 2681 1470 2772 praeparata

351 2811 371 2858 a
393 2786 548 2876 nostris,
572 2787 685 2862 falces
704 2796 948 2888 praeacutae,
976 2791 1137 2862 insertae
1156 2788 1375 2888 adfixaeque
1396 2788 1471 2862 lon·

351 2902 490 3002 guriis,
529 2925 603 2974 non
631 2904 788 2977 absimili
816 2905 938 2978 torma
964 2903 1165 2978 muralium
1193 2893 1361 2978 tilleium.
1402 2907 1470 2978 His

350 3045 467 3116 quum
496 3015 625 3113 funes,
666 3025 726 3120 qui
756 3031 948 3096 antemnas
976 3021 1022 3094 ad
1050 3021 1168 3095 malos
1195 3021 1470 3112 destinabant,

350 3137 607 3238 comprehensi
626 3137 851 3240 adductique
870 3146 995 3230 erant,
1017 3140 1166 3240 navigio
1181 3143 1292 3214 remis
1306 3141 1468 3216 incitato

376 3327 457 3394 eram
472 3343 658 3396 extimescendi.
676 3341 732 3396 Alii
744 3356 806 3396 erar
823 3361 869 3394 er-
940 3342 1072 3394 nomam.
1097 3359 1174 3392 naver
1191 3340 1327 3392 uetudine
1343 3341 1469 3412 aliqnan-

348 3412 521 3462 rinoesoemus.
940 3421 994 3459 tum
1020 3429 1048 3460 su
1066 3411 1174 3460 erubunt
1192 3408 1324 3459 Punicae:
1347 3427 1381 3460 ex
1406 3429 1467 3461 ros·

380 3491 574 3554 esspaarnndam
591 3492 703 3546 classem.
716 3489 760 3544 nl.
780 3508 872 3560 exspe-
939 3477 1016 3558 ΜΨ
1034 3427 1119 3558 Ῑζῗθηῑ
1137 3493 1204 3526 ''⁰¹²“
1219 3475 1360 3555 ΜΨ)
1377 3491 1469 3559 ’ΨΜ

348 3559 475 3610 „tandm
926 3561 1030 3611 'supereo
1058 3555 1145 3604 ιααιι,
1170 3543 1223 3592 teta
1253 3561 1280 3592 m
1310 3561 1469 3612 euperem-nn

939 3609 1021 3660 loeson
1045 3611 1195 3670 νιιιίιι»ἱ>ιιιιι,Ι
1215 3613 1323 3680 gravior
1348 3630 1378 3663 ac
1398 3631 1467 3681 por.-

937 3677 999 3727 dere
1024 3682 1078 3746 ipsc
1094 3677 1217 3728 libratior
1237 3695 1345 3745 superne
1369 3697 1383 3730 e
1410 3681 1465 3732 no-

937 3747 1021 3795 manir
1037 3749 1100 3795 teate
1118 3757 1184 3795 erat.
1203 3744 1244 3795 M.

971 3812 1109 3862 muralium
1124 3811 1243 3883 sabione.
1264 3811 1325 3865 Vid·
1344 3809 1463 3866 lud-M.

937 3875 985 3930 Gr.
1014 3891 1138 3948 γεωργικῶν
1167 3881 1292 3946 spesi-sas.
1329 3877 1361 3930 ln
1386 3880 1465 3933 codd.

936 3943 994 3998 MS.
1004 3946 1139 3998 invenerat
1150 3943 1318 3998 Robortellus
1325 3948 1464 4008 ruralium,

955 4011 1009 4064 uod
1026 4012 1130 4066 Caesari
1153 4012 1347 4065 restituendum
1371 4015 1464 4066 crede·

615 4132 631 4146 ..
970 4087 1002 4144 t;
1035 4089 1127 4134 oontre
1156 4078 1284 4156 vulgatam
1320 4079 1464 4133 lectionem

378 4141 462 4180 “W''
491 4129 548 4181 Μ·
577 4129 632 4184 Aln
650 4143 751 4183 ²⁰?le
772 4143 867 4182 ‘mll-
935 4145 1053 4198 adseruit
1065 4148 1198 4218 Sigonius.
1216 4147 1247 4199 V.
1266 4147 1377 4200 Gruteri
1394 4147 1460 4200 thes.

314 4205 320 4222 “
347 4194 399 4246 Sed
417 4193 484 4248 bene
504 4199 575 4267 prior
591 4217 641 4251 vox
658 4198 740 4251 deest.
764 4217 788 4250 v.
810 4206 867 4250 not.
934 4215 990 4264 θήῃ,
1019 4222 1039 4264 e„
1068 4229 1093 4264 2,
1121 4233 1148 4293 p,
1180 4219 1330 4278 520t157.
1354 4215 1395 4268 De
1413 4233 1461 4268 usu

346 3635 871 3782 ..suessanensis

345 3787 398 3822 non
418 3771 478 3823 tela.
496 3772 529 3823 cl.
548 3770 600 3822 Dm
618 3771 670 3838 39,
697 3771 737 3836 45.
760 3771 870 3840 Respice

344 3847 371 3890 et
388 3837 421 3892 ad
439 3857 462 3892 c.
483 3837 521 3889 ι3.
538 3839 582 3892 stc
600 3849 627 3892 et
643 3845 701 3893 tela
718 3837 817 3891 Graeci.

378 3918 419 3968 vel
433 3917 560 3968 Tribunis.
573 3917 681 3988 Lipsius
694 3917 769 3971 dedit
781 3934 869 3986 neque.

345 3985 411 4103 {aa
436 3987 626 4038 necessitatem.
652 3985 695 4038 Ci.
722 3991 757 4052 ὁ,
784 3987 809 4036 6.
830 4001 868 4051 ¹7·

248 4275 250 4278 '
344 4261 375 4313 ad
396 4267 429 4322 5.
451 4269 488 4314 ¹5·
509 4279 542 4328 7.
561 4269 600 4318 ²8·
935 4281 1045 4331 istarum
1069 4280 1177 4336 sclerum
1202 4297 1227 4331 r.
1245 4291 1271 4333 et
1288 4281 1348 4333 Liv.
1365 4285 1418 4345 38,
1437 4289 1460 4332 ὃ.

375 4353 507 4419 urumque
533 4369 565 4380 -
590 4344 787 4422 juvariensis.
804 4343 867 4396 Non
934 4343 1007 4399 Inter
1024 4365 1094 4400 erma
1113 4345 1213 4402 nauel-ie
1230 4358 1372 4406 ooeurrnut
1387 4351 1461 4423 apsel

342 4407 509 4476 poenitebit,
525 4408 669 4462 contulisse
686 4408 744 4462 [ιν.
763 4413 812 4473 30,
828 4427 866 4461 ro.
934 4413 1023 4484 Veget.
1043 4423 1078 4475 5,
1099 4429 1137 4482 14.
