3000 5268
342 421 423 481 rso.
460 421 513 481 vr.
549 421 641 483 cro.
678 390 856 542 4⁰‘i3‘
1060 391 1150 484 231

45 622 219 698 exercitu.
257 625 318 699 Sic
348 627 515 698 omnium
544 627 687 700 animos
714 626 829 702 timor
855 645 1158 724 praeoccupave-

44 747 99 812 rat
112 796 122 830 ,
137 749 200 830 ut,
220 765 335 840 paene
355 741 514 822 alienata
533 748 678 832 mente,
697 742 825 816 deletis
848 743 1020 815 omnibus
1040 745 1157 842 copiis

44 856 428 949 equitatum‘tantum
461 881 498 928 se
532 881 577 930 ex
610 855 698 956 fuga
730 859 930 956 recepisse,
965 856 1155 946 dicerent,

44 991 175 1064 neque,
202 968 383 1042 incolumi
417 973 605 1062 exercitu,
638 973 846 1048 Germanos
878 979 1001 1045 casira
1031 972 1156 1069 obpu·

42 1089 214 1181 gnoturos
242 1085 354 1158 fuisse
383 1087 663 1160 contenderent.
707 1075 830 1180 Quem
856 1089 1031 1162 timorem
1057 1089 1185 1166 cae:

43 1201 124 1272 saris
150 1201 336 1274 adventus
363 1201 526 1280 sustulit.

87 1323 145 1406 42.
176 1321 365 1396 Reversus
404 1319 485 1410 ille,
516 1323 673 1392 eventus
712 1319 796 1392 belii
837 1345 910 1394 non
949 1322 1146 1422 ignorans,

44 1455 170 1524 unum,
189 1433 292 1532 quod
315 1433 489 1508 cobortes
506 1457 554 1506 ex
572 1435 733 1510 statione
762 1443 800 1508 et
828 1435 1009 1533 praesidio
1028 1442 1151 1509 essent

42 1547 204 1636 emissae,
232 1555 407 1646 questuS,
442 1575 488 1626 ne
522 1549 679 1622 minimo
714 1548 865 1646 quidem
900 1573 986 1621 casn
1023 1549 1148 1622 locum

41 1662 185 1762 relinqui
206 1665 397 1757 debuisse,
417 1663 579 1739 multum
603 1666 795 1738 fortunam
815 1667 851 1737 in
870 1667 1064 1765 repentino
1083 1669 1149 1740 bo'-

42 1778 141 1850 stium
169 1779 337 1854 adventu
364 1782 528 1878 potuis-‚¹
556 1781 755 1866 indicavit3
782 1779 906 1854 m'uito
932 1781 1044 1852 ctiam
1065 1805 1150 1852 om-

41 1889 143 1987 piius,
164 1895 267 1991 quod
293 1916 410 1993 paene
427 1897 473 1968 ab
493 1898 572 1994 ipso
601 1895 698 1976 valio
726 1895 916 1992 [sortisque
934 1901 1146 1977 nestrorum

41 2003 200 2080 barbaros
219 2012 432 2084 avertisset.
456 2013 629 2100 Quarum
648 2011 815 2080 omniurn
835 2031 961 2082 rerum
981 2009 1146 2082 maxime

41 2117 285 2195 admirandum
315 2123 534 2212 videbatur,
562 2121 663 2220 quod
691 2121 888 2209 Germani,
906 2122 968 2217 qui
988 2145 1032 2192 eo
1051 2146 1145 2196 con-

40 2234 108 2306 silio
134 2239 308 2312 Rhenum
335 2237 579 2327 trar'rsierent,
595 2244 639 2311 ut
657 2237 882 2334 Ambiorigis
908 2235 999 2306 fines
1026 2234 1143 2333 depo-

41 2347 267 2443 pularentur,
292 2353 338 2426 nd
365 2361 488 2426 castra
514 2357 772 2426 Romanorum
799 2347 933 2438 delati,
955 2351 1142 2447 optatissi-

41 2484 129 2534 mum
154 2468 361 2566 Ambiorigi
389 2467 610 2541 beneficium
639 2463 854 2540 obtulerint.

82 2582 136 2666 43.
161 2586 315 2673 Caesar,
342 2607 469 2657 rursus
492 2585 539 2656 ad
559 2583 747 2656 vexandos
775 2584 900 2655 bootes
926 2579 1141 2679 profectos,

39 2715 158 2792 magno
189 2705 325 2772 coacto
357 2725 513 2771 numero
540 2724 587 2772 ex
613 2699 793 2772 finitumis
827 2696 1074 2786 civitatibus,
1100 2697 1142 2769 in

40 2831 149 2884 omnes
175 2821 300 2913 partes
327 2815 493 2889 dimittit
521 2817 666 2894 Omnes
690 2815 763 2888 vici
792 2821 905 2911 atque
932 2815 1057 2885 omnia
1080 2836 1141 2884 ae·

39 2923 163 3021 dificia,
189 2957 285 3030 quae
320 2935 476 3031 quisque
511 2937 781 3030 conspexerat,
811 2930 1139 3004 incendebantur:

38 3047 153 3134 praeda
186 3073 232 3122 ex
269 3051 440 3122 omnibns
475 3047 565 3120 loeis
600 3049 798 3146 agebatur:
833 3049 1022 3122 frumenta
1059 3074 1139 3121 non

38 3156 139 3231 solum
156 3189 176 3234 a
194 3171 301 3237 tanta
330 3162 570 3236 multitudine
596 3165 852 3235 iumentorum
875 3168 987 3258 etque
1013 3164 1139 3236 bomi-

38 3294 112 3347 num
136 3282 470 3369 consumebantur,
489 3279 683 3352 sedetiam
712 3281 795 3350 anni
824 3286 994 3376 ternpore
1020 3287 1140 3378 atque

37 3383 194 3466 imbribus
225 3396 523 3495 procubuerant,
557 3401 622 3478 ut,
655 3395 683 3466 si
715 3393 778 3490 qui
809 3391 924 3464 etiam
956 3393 992 3466 in
1027 3417 1140 3491 pree-‚

38 3507 136 3577 sentio
160 3533 196 3584 se
223 3509 500 3600 occultassent,
526 3515 653 3582 tamen
672 3509 736 3596 iis,
756 3507 918 3580 deducto
945 3509 1135 3598 exercitu,
1182 3547 1188 3564 ·

14 3829 15 3832 η
49 3793 186 3855 ‚equitarem
205 3807 311 3848 tantone.
336 3793 391 3848 Hoc
408 3806 538 3848 tantume
605 3811 761 3864 magnopore
784 3793 982 3864 reprehendere.
1011 3795 1053 3848 M.
1083 3795 1136 3864 Pro¹

14 3867 15 3928 t
39 3859 159 3910 tuncodicr
178 3873 204 3914 et
223 3863 319 3917 Ursini
340 3859 436 3916 adiecit
459 3860 540 3916 Souli-
605 3865 728 3931 ignorans
745 3859 790 3913 dii
809 3868 925 3930 ignarus.

39 3933 77 3982 ger.
92 3923 174 3980 Posset
191 3927 290 3984 obesse.
639 3947 715 3994 casn,
733 3929 814 3982 casui.
834 3927 875 3980 Cf.
899 3949 923 3993 1,
947 3931 983 3982 16.
1001 3929 1044 3980 M.

639 3997 766 4047 indicavit.
784 3995 840 4048 Hoc
857 3995 970 4066 praefert
982 3996 1052 4050 Oud.
1076 3995 1132 4050 Atii

62 4072 149 4112 evenun
158 4063 216 4115 belli
227 4085 278 4116 non
289 4069 420 4136 ignorans.
433 4062 534 4126 Norat,
603 4064 730 4114 indimvit.

39 4133 100 4184 issam
111 4130 171 4180 rarii
182 4142 269 4186 essent
280 4143 306 4186 et
318 4133 408 4184 incerti
426 4141 536 4196 eventus
636 4135 778 4182 avertisset.
795 4129 853 4184 Alii
870 4135 1029 4184 avertissent.

59 4186 99 4264 iij,
120 4213 208 4266 eosque
237 4219 290 4251 non
318 4219 373 4251 esse
404 4201 432 4250 in
463 4191 536 4252 ducis
636 4199 927 4250 erenumtransierant.
940 4195 1129 4252 vid.c.35.M.

40 4252 182 4332 udrtnmque
209 4275 353 4335 potestate,
370 4285 425 4318 non
451 4267 536 4318 caveri
636 4266 782 4316 obtulerint.
801 4265 851 4316 Vul
868 4285 883 4316 o
901 4266 1054 4316 obtruderent.

41 4326 209 4401 Pmevidcriquc
237 4351 329 4403 posse,
356 4351 404 4386 ncc
432 4352 486 4385 seru
508 4353 535 4384 er
635 4333 782 4384 sedetiam.
801 4333 832 4383 In
851 4284 936 4384 iinon.
956 4333 1130 4392 dcestetiom,

14 4447 15 4458 ¹
41 4397 59 4458 ¹¹3
69 4389 157 4463 Gripum
170 4400 319 4464 vertendos,
332 4402 355 4452 si
366 4400 468 4452 adversi
484 4352 536 4451 dirc-
602 4407 633 4452 ut
646 4399 677 4450 fit
694 4409 719 4450 et
735 4399 808 4451 alibi.
822 4399 855 4451 V.
873 4421 898 4462 r,
914 4403 943 4450 18
955 4410 983 4452 ct
996 4400 1035 4467 43.
1049 4401 1129 4453 Cous.

40 4463 86 4506 nm.
140 4463 230 4520 Noluit
259 4487 317 4539 ergo
350 4467 447 4523 milites
473 4485 534 4538 suos
601 4466 736 4521 Drakenb.
755 4467 788 4520 ed
807 4467 864 4522 [ἰν.
884 4483 915 4530 2,
932 4471 956 4520 δ’.
