3026 5264
440 349 520 408 urs.
554 349 640 408 rur.
673 345 766 409 cur.
804 261 913 438 5-7'.
1118 315 1220 446 319,

96 553 349 630 Remiserunt
377 551 575 641 adtributi,
593 547 760 625 facerent
777 549 1081 652 impressionem,
1101 556 1215 651 perti·

95 692 185 744 nere
213 673 341 741 autem
367 689 443 740 non
465 671 615 740 tautum
633 665 680 738 ad
698 665 937 766 dignitatem,
954 663 1017 736 sed
1038 664 1151 737 etiam
1165 667 1213 742 ad

94 783 256 859 salutem
280 807 389 858 suam
413 780 622 872 iudicaret,
647 781 787 854 nullam
815 781 1071 855 calamitatem
1089 785 1212 859 socios
1253 805 1262 824 ·

93 901 236 1000 optime
263 899 307 974 de
334 899 525 998 republica
550 899 705 972 meritos
731 901 926 998 accipere3
952 897 1136 1002 legionem
1163 927 1211 978 ex

91 1018 256 1093 hibernis
282 1024 419 1092 evocat
443 1039 571 1090 rursus
597 1016 668 1105 Xl,
693 1015 835 1088 litteras
861 1021 988 1090 autem
1014 1017 1061 1088 nd
1081 1019 1122 1091 C.
1142 1019 1211 1092 Fa·

92 1135 202 1209 bium
229 1135 367 1224 mittit,
386 1139 430 1206 ut
447 1133 484 1206 in
503 1131 593 1206 fines
611 1133 852 1206 Suessionum
870 1131 1032 1232 legiones
1050 1135 1108 1223 ll,¹
1117 1158 1211 1233 quas
1303 1190 1305 1202 ,

91 1251 274 1342 habebat,
300 1251 523 1340 adduceret,
542 1231 771 1346 alteramque
789 1271 835 1320 ex
852 1249 996 1324 duabus
1015 1251 1062 1324 ab
1080 1255 1124 1326 T.
1139 1255 1209 1327 La-

90 1365 202 1438 bieno
224 1367 388 1440 arcessit.
415 1365 492 1454 lta,
515 1370 698 1462 quantum
719 1364 959 1438 hibernorum
987 1366 1210 1465 obportuni·

90 1487 149 1558 tas
175 1482 335 1580 bellique
362 1483 458 1556 ratio
485 1479 730 1580 postulabat,
755 1488 934 1582 perpetuo
962 1507 1032 1555 suo
1059 1483 1208 1574 labore,

88 1595 129 1668 iu
157 1597 279 1670 vicem
305 1597 512 1696 legionibus
538 1595 819 1694 expeditionum
854 1621 947 1670 onus
973 1599 1204 1698 iniungebat.

145 1731 178 1802 7.
205 1711 272 1784 llis
298 1713 414 1811 copiis
440 1713 608 1800 coactis,
635 1711 681 1784 ad
704 1709 923 1786 bellovacus
939 1711 1204 1810 proficiscitur,
1294 1737 1297 1744 ·

87 1829 294 1926 castrisque
320 1831 358 1901 in
385 1851 513 1902 eorum
541 1827 675 1900 finibus
701 1827 847 1926 positis,
870 1829 1038 1925 equitum
1060 1839 1208 1906 turmas

87 1943 247 2020 dimittit
271 1947 310 2018 in
337 1969 466 2018 omues
491 1952 615 2044 partes
641 1941 688 2014 sd
715 1942 858 2042 aliquos
883 1945 1140 2045 excipiendos,
1156 1975 1206 2024 err

87 2060 224 2156 quibus
251 2061 417 2134 hostium
444 2058 597 2134 consilia
623 2064 877 2157 cognosceret.
904 2059 1059 2160 Equites
1077 2059 1205 2137 officio
1286 2059 1288 2064 ’

86 2173 208 2248 functi
236 2178 479 2265 renunciant,
504 2197 644 2273 paucos
659 2174 698 2245 in
717 2171 891 2245 aedificiis
918 2197 996 2247 esse
1026 2177 1205 2252 inventos

87 2297 203 2390 atque
230 2293 319 2384 hos,
344 2315 419 2365 nou
446 2293 509 2390 qui
538 2313 713 2392 agrorum
735 2287 978 2362 colendorum
996 2314 1127 2365 caussa
1142 2321 1205 2390 re-

88 2409 330 2498 mansissent,
353 2429 514 2506 namque
536 2429 614 2480 esse
632 2404 795 2502 undique
819 2401 1014 2502 diligenter
1028 2405 1206 2508 demigra-

88 2527 192 2611 tum,
224 2523 286 2597 ssd
313 2523 375 2621 qui
401 2519 613 2622 speculandi
636 2521 756 2622 gratia
774 2525 896 2592 essem
908 2519 1063 2594 remissi.
1083 2523 1206 2620 Aqui·
1284 2547 1303 2580 ν

87 2633 160 2709 bus
186 2661 303 2735 quum
329 2642 525 2735 quaereret
562 2635 719 2725 Caesar,
758 2657 833 2733 quo
870 2631 956 2707 loco
995 2633 1203 2710 multitudo

87 2757 186 2824 esset
211 2751 518 2840 Bellovacorum,
542 2751 693 2848 quodve
718 2756 816 2824 esset
834 2748 1031 2822 canalium
1046 2773 1205 2840 eorum,

86 2867 329 2956 inveniebat,
355 2867 562 2941 Bellouacos
588 2891 733 2951 omnes,
756 2871 821 2966 qni
843 2893 946 2938 urana
971 2865 1087 2962 serre
1114 2875 1207 2967 pos·-

84 2983 186 3069 scnt',
209 2986 249 3052 in
274 3005 386 3054 rusum
409 2981 528 3054 locum
553 2985 779 3066 convenisse3
803 2985 956 3078 itemque
981 2979 1205 3070 Ambianos,

85 3094 288 3186 Aulercos,
313 3095 476 3186 Caletos,
507 3095 755 3186 Velliocusscs,
781 3093 971 3168 Atrebates
997 3096 1112 3166 Iocum
1139 3123 1205 3168 cn-

84 3215 174 3283 stn‘s
198 3212 405 3301 arcannm,
430 3216 469 3283 in
493 3213 610 3302 silva,
634 3212 791 3312 inpedita
818 3209 1079 3283 circumdatum
1101 3212 1207 3308 pulta·

84 3327 158 3413 de,
182 3328 379 3430 delegisse3
404 3334 526 3414 omm‘a
549 3329 788 3430 inpedimenta
814 3335 851 3403 in
878 3331 1062 3404 alienares
1095 3331 1205 3404 silvns

120 3581 293 3634 notandorum.
335 3581 365 3636 Si
389 3580 433 3636 rsl
456 3583 571 3636 maxims
598 3603 613 3636 a
680 3583 794 3664 inpedita
812 3589 900 3656 (quoe
918 3584 984 3639 silva
1001 3584 1120 3654 inpedita
1137 3591 1204 3641 erut.

86 3647 195 3703 duobus
217 3648 292 3732 libris
314 3652 425 3703 vetustis
454 3660 480 3702 st
501 3651 613 3722 optimis
680 3649 801 3704 difficiles
830 3652 914 3704 aditus
938 3651 1051 3705 habebat
1073 3656 1083 3714 )
1110 3651 1205 3720 palude

85 3719 613 3865 tantumtantum
680 3723 845 3856 {urum
858 3718 1206 3862 „tuot-„taust

86 3852 161 3911 ideo,
180 3861 209 3904 ut
225 3871 299 3922 agros
316 3851 377 3905 rllos
394 3871 416 3905 s.
434 3871 565 3932 requonm
584 3853 612 3905 il·
680 3872 730 3924 quc
747 3852 830 3907 udscrr'
850 3861 944 3906 serunt
954 3855 1124 3913 atrorrmdata,
1141 3853 1206 3916 (sa

85 3917 312 3982 inmiscuissent,
329 3926 388 4000 quia
401 3931 531 3992 scqurtur:
550 3939 612 3972 usn
680 3922 752 3972 enim
768 3872 850 3974 coddll
857 3923 910 3974 sere
923 3925 1051 3984 omues,)
1069 3919 1141 4000 quod
1159 3918 1206 3970 de-

86 4003 181 4039 umnes
203 3988 256 4039 fere
272 3985 465 4058 demigrarunt,
489 4007 510 4040 s.
533 4006 612 4039 nemo
679 3988 742 4042 inde
765 3989 825 4041 cdd.
850 3997 989 4040 mutarunt
1010 3990 1040 4039 irs
1063 3989 1206 4037 careremdu-

86 4053 127 4108 ibi
145 4053 285 4107 incolebat.
303 4056 346 4108 Cf.
363 4073 384 4108 c.
404 4053 420 4106 3
437 4064 464 4108 st
482 4059 505 4104 5.
522 4057 561 4105 Μ.
679 4068 740 4107 mm.
759 4055 811 4109 Sed
829 4066 857 4108 et
873 4055 960 4127 pluras
978 4063 1041 4108 sunt
1057 4055 1205 4120 varietata,

123 4121 301 4174 Velliouasses.
328 4123 447 4175 Fortasse
455 4121 612 4186 Viducasses,
679 4140 764 4194 nequa
781 4125 844 4176 sutis
861 4133 931 4176 certa
949 4125 1077 4194 scriptura
1095 4121 1206 4174 demon-

86 4199 118 4241 ut
136 4207 165 4250 2,
183 4200 199 4254 4
216 4199 245 4242 et
261 4187 332 4262 apud
354 4191 478 4244 Orosiuru
505 4189 539 4242 ds
563 4189 612 4244 bac
678 4193 757 4243 strari
775 4201 870 4262 potest
896 4193 1004 4244 Orosius
1023 4193 1074 4255 (6,
1091 4195 1144 4254 rr)
1167 4192 1206 4242 sic

87 4257 145 4336 insa
164 4275 191 4308 rc
209 4259 260 4320 (6,
277 4262 336 4322 ιι).
371 4259 477 4311 Monuit
504 4257 611 4312 Clauso-
679 4277 709 4310 sx
731 4260 826 4340 tussit:
851 4259 932 4341 tonan
949 4264 1056 4340 anuum
1073 4271 1150 4340 atquc
1167 4261 1205 4308 in-

87 4325 232 4455 nume&
249 4391 480 4467 Ῥωῃιψ
496 4397 525 4447 m
539 4363 614 4462 dlv-a,
675 4345 719 4450 ὕει
736 4339 789 4378 tam
805 4329 914 4502 aquisque
936 4327 1071 4397 paludatus
1093 4337 1206 4397 capitose.
