2986 5268
93 475 145 574 c.
181 473 328 574 tvut
364 473 655 619 odessus
691 471 1124 576 consumunt

349 755 412 820 DE
444 756 595 821 netto
627 759 850 823 GALLtGO.

304 1047 497 1139 LIBER
550 1045 895 1194 SEPTIMVS.

446 1395 752 1472 anavutsurtu.

245 1595 364 1662 Bellum
384 1597 652 1682 Vercingetorigis.

39 1709 113 1788 cap.
129 1683 167 1766 xt.
189 1705 278 1766 Nova
297 1707 423 1766 consilia
448 1707 606 1767 Gallorum
626 1706 663 1768 de
683 1705 769 1768 bello.
802 1707 871 1770 23.
895 1705 1012 1770 Bellum
1033 1728 1054 1770 a
1076 1711 1158 1772 Caro

76 1803 197 1864 nutibus
216 1816 386 1884 sttsocptum.
419 1805 448 1876 4.
464 1805 489 1863 5.
510 1803 548 1862 ab
568 1807 736 1878 Aruernis,
757 1819 879 1865 auctore
903 1801 1154 1888 Vercingetorige.

77 1901 107 1960 6.
134 1891 332 1956 Pert'culosum
353 1899 408 1955 iter
421 1897 560 1958 Caesaris
580 1897 623 1957 ad
643 1903 815 1959 exercitum.
847 1919 875 1978 7.
897 1899 924 1964 8.
948 1903 1083 1962 Aruerni
1102 1903 1158 1960 ob*

72 1993 184 2074 pressi.
239 1993 444 2070 9.‘Gergovia
464 1993 502 2052 ab
527 1990 765 2073 Vercingetorige
785 1993 967 2076 obpugnata.
1024 2017 1072 2056 to.
1093 1999 1158 2056 tat·

80 2091 226 2149 Caesaris
252 2088 298 2150 ad
314 2089 481 2171 fluendum
512 2091 675 2148 auxilium.
717 2093 839 2152 11-13.
866 2087 1159 2166 Vellaunodunum,

80 2183 261 2258 Geaabnm,
284 2183 499 2244 Nouiodunum
518 2205 538 2244 a
561 2187 690 2246 Caesare
709 2198 806 2265 capta.
839 2186 896 2244 iter
914 2183 958 2242 ad
978 2185 1156 2244 Avaricum.

82 2280 131 2352 14.
160 2277 204 2338 15.
227 2277 394 2358 Biturigum
415 2277 525 2360 oppida
542 2292 662 2361 praetor
681 2279 843 2337 Avaricum
864 2298 884 2336 a
907 2277 1007 2339 Gallis
1024 2280 1157 2336 incensa·

82 2377 129 2434 ι6.
158 2393 203 2452 ι7.
226 2375 334 2456 Inopia
354 2376 564 2434 Romanorum
583 2375 628 2434 ad
647 2377 822 2435 Avaricum.
849 2370 1157 2459 18-213Vercinge-

78 2469 169 2527 toria·
197 2469 379 2550 proditionis
400 2469 610 2544 insimulatus,
642 2469 802 2530 absolutus.
861 2489 911 2528 22.
947 2467 1105 2528 Gallorum
1125 2470 1159 2527 its

77 2563 272 2644 detendendo
293 2563 405 2646 oppido
425 2566 566 2626 stadium.
598 2567 648 2627 23.
670 2569 757 2628 Muri
780 2567 902 2628 Gallici.
935 2569 984 2640 24.
999 2569 1049 2630 25.
1070 2565 1161 2647 Agat·

78 2661 237 2720 Romanus
256 2663 399 2720 incensus.
431 2660 544 2743 eruptio
569 2661 730 2722 Gallorum
750 2683 894 2746 repressa.
928 2671 979 2724 ab·
991 2664 1158 2724 Consilium

79 2757 242 2818 Gallorum
263 2758 341 2816 clam
357 2756 554 2840 profugiendi
572 2780 615 2818 ex
634 2758 745 2840 oppido
765 2759 898 2820 clamore
918 2761 1054 2820 muliebri
1072 2762 1160 2840 lupe-0

78 2851 187 2910 ditum.
218 2843 278 2924 ⁸27.
301 2851 349 2912 28.
384 2853 550 2910 Avaricum
575 2867 788 2934 expugnatum.
833 2855 955 2936 29-31.
978 2853 1096 2912 Bellum
1117 2851 1156 2910 ab

85 2947 330 3028 Vercingetorige
349 2949 564 3006 continuatum.
587 2948 636 3006 32.
660 2947 708 3008 33.
730 2949 831 3009 Motus
851 2951 885 3008 ln
906 2945 1056 3010 Aeduisa
1079 2945 1159 3008 Gae-

78 3065 148 3105 sare
167 3041 333 3126 compositi.
387 3045 437 3117 34.
459 3041 509 3104 35.
537 3043 701 3103 Exercitus
721 3045 878 3105 Romanus
899 3057 983 3106 trans
1003 3043 1159 3104 Elauerem
1204 3075 1210 3092 .

79 3139 242 3218 expositus.
255 3157 327 3212 pars
338 3137 492 3218 copiarum
503 3140 536 3196 ln
544 3137 675 3198 Senones
684 3151 712 3198 et
724 3139 860 3198 Parisios
869 3143 968 3199 missa.
985 3137 1033 3200 36.
1047 3137 1157 3197 Castra

81 3233 225 3292 Caesaris
244 3231 290 3291 ad
308 3233 495 3310 Gergoviam.
558 3234 681 3310 37-40.
710 3235 814 3294 Novae
839 3233 940 3292 turbae
964 3233 997 3290 in
1018 3229 1157 3302 Aeduis,

80 3325 252 3385 auctoribus
273 3325 509 3386 Convictolitane
520 3339 547 3386 et
561 3329 707 3386 Litavico.
729 3329 879 3388 Litavicus
893 3367 902 3397 s
921 3329 973 3411 qui
983 3325 1161 3398 subsidium,

80 3425 118 3482 ab
130 3422 248 3483 Aeduis
263 3423 387 3482 Caesari
400 3425 543 3494 missum,
563 3423 796 3496 sollicitaverat,
815 3424 976 3502 obpressus.
1019 3423 1069 3494 bs·
1092 3421 1160 3479 Ro-

80 3541 243 3580 manorum
257 3532 356 3580 castra
370 3520 489 3578 iuterim
501 3519 680 3598 obpugnata.
704 3534 792 3597 aegre
807 3517 942 3585 detensa.
965 3525 1014 3592 42.
1032 3517 1080 3589 43.
1093 3518 1160 3575 Ae-

80 3613 211 3674 duorum
230 3613 366 3697 dfictio.
387 3613 510 3686 44-5ι.
534 3615 883 3686 trapesacttomonoeam
909 3614 938 3670 in
965 3609 1156 3688 Gergoviam.

79 3709 191 3771 clades.
212 3713 261 3773 52.
287 3712 334 3772 53.
358 3713 461 3772 Oratio
486 3711 628 3774 Caesaris
647 3708 691 3767 ael
711 3706 827 3788 milites.
850 3707 974 3766 obsessio
997 3707 1161 3784 Gergoviae

81 3807 189 3868 sobda.
232 3805 354 3880 54-56.
376 3805 492 3865 Bellum
514 3803 552 3864 ab
575 3803 688 3864 Aeduis
708 3817 878 3884 susceptum.
905 3804 1053 3864 enercitus
1075 3802 1159 3862 an-

83 3903 161 3960 saris
179 3921 234 3980 per
254 3901 388 3979 Ligerim
409 3897 606 3958 transductus.
629 3929 632 3938 .
670 3900 792 3976 57-62.
819 3897 946 3959 Labieni
965 3918 1012 3956 res
1031 3895 1161 3966 deliciter

84 3996 117 4052 iu
142 3995 269 4054 Parislis
285 4005 393 4074 gestae.
447 3995 496 4053 63.
519 3997 568 4065 64.
596 3993 826 4072 Vercingetorix
845 3993 935 4050 totius
959 3989 1079 4049 Galliae
1099 3989 1162 4046 im-

84 4105 216 4152 ucrator.
278 4091 326 4155 65.
351 4091 493 4152 Caesaris
512 4110 585 4148 cura
605 4090 649 4148 ad
669 4107 776 4149 omnes
789 4107 886 4150 casus.
931 4091 981 4152 66.
1004 4091 1054 4165 67.
1080 4087 1160 4146 Ver-

84 4185 258 4262 cingetorix
286 4187 415 4265 equestri
441 4182 556 4262 proelio
589 4197 750 4264 superatus.
809 4185 859 4246 68.
881 4186 930 4260 69.
965 4181 1105 4254 Alesiae,
1125 4181 1159 4238 in

86 4294 179 4356 quam
205 4277 458 4353 Vercingetorix,
470 4276 561 4354 sacto
578 4275 718 4357 proelio,
737 4299 767 4336 se
786 4276 974 4346 contulerat.
993 4275 1160 4356 descriptio.

90 4387 140 4448 7⁰·
167 4375 257 4433 Nova
277 4371 378 4432 clades
401 4373 561 4432 Gallorum
581 4373 726 4455 equitatui
746 4374 848 4432 viracte
871 4375 1091 4432 Germanontm
1112 4373 1163 4430 in·

149 4483 305 4556 CAESAR.
331 4484 525 4557 Consment.
552 4485 659 4558 Tom.
690 4485 716 4555 l.
923 4487 955 4554 t}
983 4509 1007 4584 g
