2986 5268
335 419 415 479 nro.
449 416 520 479 vn.
555 407 647 478 car.
686 402 863 502 41-44.
1033 380 1162 516 ¹269

53 613 158 715 gandi
184 617 305 716 gratia
330 619 501 691 mittunt.
528 617 630 690 Haec
656 619 801 691 faciunt
818 614 1164 713 recuperandorum

53 753 201 801 suorum
229 755 382 803 caussa:
410 731 499 822 sed,
525 734 772 806 contaminati
799 731 963 804 facinore
992 735 1032 802 et
1064 729 1168 826 capti

54 845 271 946 compendio
298 871 345 920 ex
372 847 523 948 direptis
549 849 685 938 bonis,
712 844 813 946 quod
841 870 885 920 ea
910 869 969 918 res
995 845 1043 918 ad
1071 843 1170 918 mul-

54 969 110 1034 tos
137 965 376 1062 pertinebat,
401 971 440 1038 et
473 967 605 1038 timore
633 987 773 1062 poenae
792 963 988 1046 exterriti,
1016 961 1171 1035 consilia

54 1079 148 1150 ctam
176 1078 220 1151 de
248 1079 343 1152 bello
382 1081 475 1152 inire
513 1079 700 1177 incipiunt
732 1077 981 1174 civitatesque
1007 1074 1168 1172 reliquas

54 1189 302 1291 legationibus
328 1193 543 1268 sollicitant.
569 1197 675 1286 Quae
702 1194 851 1268 tametsi
871 1193 1006 1265 Caesar
1029 1191 1174 1264 intelle-

55 1311 184 1404 gebat,
211 1313 367 1398 tamen,
395 1333 508 1406 quam
535 1310 728 1382 mitissime
755 1311 880 1406 potest
897 1304 1078 1404 ,legatos
1104 1303 1173 1376 ad·

56 1422 186 1520 pellat:
213 1424 309 1495 ratu
330 1449 369 1497 se
391 1439 537 1522 propter
561 1428 791 1497 inscientiam
808 1425 1053 1520 levitatemque
1071 1423 1175 1519 vulgi

54 1541 204 1632 gravetis
230 1535 274 1608 de
298 1543 441 1611 civitate
465 1539 651 1624 iudicare,
678 1563 789 1634 neque
813 1539 857 1612 de
873 1563 941 1609 suu
965 1541 1004 1610 in
1028 1537 1174 1610 Aeduos

56 1653 289 1726 benevolentia
305 1653 519 1728 deminuere.
547 1657 648 1754 lpse,
663 1657 843 1728 maiorem
864 1652 1008 1728 Galliae
1024 1659 1175 1726 motum

55 1775 298 1869 exspectans,
335 1795 380 1842 ne
407 1771 454 1845 ab
481 1771 654 1844 omnibus
681 1771 899 1844 civitatibus
926 1772 1176 1844 circumsiste-

57 1893 185 1975 retur,
211 1885 364 1960 consilia
389 1887 531 1976 inibat,
557 1887 873 1986 quemadmodum
903 1887 950 1960 ab
987 1888 1176 1987 Gergovia

60 2002 263 2082 discederet
290 2028 335 2076 ac
360 2007 488 2078 rursus
515 2029 666 2078 omnem
684 2006 891 2078 exercitum
909 2005 1178 2091 contraherem

63 2143 105 2190 ne
131 2117 341 2224 profectio,
369 2127 457 2194 nata
484 2120 530 2194 ab
558 2121 693 2194 timore
720 2117 958 2212 defectionis,
976 2117 1104 2190 similis
1123 2119 1181 2194 fu·

62 2257 127 2334 gae
155 2233 362 2314 videretur·

112 2359 173 2440 44.
200 2355 302 2426 Haec
330 2351 511 2454 cogitanti
539 2350 708 2426 accidere
729 2350 808 2426 visa
834 2357 890 2426 est
909 2350 1067 2424 facultas
1085 2351 1181 2425 bene

66 2469 245 2570 gerendae
271 2469 336 2544 rei.
362 2471 460 2566 Nam
488 2493 626 2566 quum,
664 2470 809 2540 minora
836 2469 873 2541 in
903 2473 1033 2576 'castra
1059 2470 1183 2566 operis

66 2583 306 2683 perspiciendi
333 2607 463 2658 caussa
500 2587 685 2674 venisset,
724 2581 994 2657 animadvertit
1020 2581 1186 2670 collem,

68 2701 127 2792 qui
168 2698 216 2770 ab
259 2698 427 2771 hostibus
470 2699 689 2784 tenebatur,
726 2697 909 2772 nudatum
944 2696 1187 2786 hominibus,

70 2811 128 2906 qui
155 2813 406 2912 superioribus
433 2811 561 2898 dicbus
600 2815 665 2888 vix
690 2838 777 2913 prae
811 2811 1054 2886 multitudine
1081 2811 1184 2884 cerrri

70 2935 226 3025 poterat.
246 2931 461 3003 Admiratus
480 2933 626 3027 quaerit
644 2955 690 3002 ex
707 2930 870 3030 perfugis
888 2953 1078 3018 caussam,
1096 2951 1189 3026 quo·

70 3069 150 3116 rum
178 3069 336 3144 magnus
363 3045 409 3117 ad
445 3071 531 3117 euru
558 3047 724 3144 quotidie
756 3071 934 3119 numerus
960 3044 1188 3120 confluebat.

72 3162 276 3236 Constabat
304 3164 402 3236 inter
432 3187 587 3252 omnes,
613 3165 712 3261 quod
740 3165 815 3236 iam
841 3164 918 3262 ipse
952 3165 1088 3237 Caesar
1123 3188 1189 3260 per

73 3281 323 3378 exploratores
361 3287 623 3379 cognoverat,
661 3280 811 3352 dorsum
864 3304 941 3352 esse
985 3281 1063 3352 eius
1110 3280 1190 3380 iugi

73 3421 185 3496 prope
203 3421 390 3495 aequum;
417 3395 481 3470 sed
499 3396 584 3468 binc
603 3395 772 3470 silvestre
799 3400 838 3468 et
863 3403 1087 3494 angustum,
1114 3421 1190 3492 qua

76 3515 349 3616 ossettaditus,
374 3515 421 3592 ad
448 3513 603 3591 alteram
631 3513 754 3621 oppidi
781 3513 1076 3625 partemz.lruie
1102 3511 1188 3587 loco

110 3931 210 3966 omnm
221 3918 359 3966 eret-citum
371 3917 441 3977 (suas
454 3917 482 3961 et
491 3907 604 3961 Labieni
670 3910 736 3964 lude
754 3912 776 3964 si
793 3913 860 3982 quid
881 3911 998 3981 eanutpi
1020 3919 1125 3984 potest,
1141 3910 1195 3965 Da·

80 3983 175 4050 copias.
190 3980 243 4100 vffil
254 3979 331 4098 ll'w
344 3979 517 4098 oontpplraret.
530 3975 606 4030 Vidit
670 3980 754 4098 lnisius
777 3979 924 4099 :pdppndus
949 3981 1018 4100 erpit,
1040 3981 1085 4096 qlni
1107 3979 1197 4097 poluit

80 4067 183 4100 sensum
244 4067 257 4099 e
281 4066 379 4100 rcanus.
434 4082 440 4094 .
682 4066 722 4098 er
764 4067 777 4099 s
852 4067 880 4098 aa
938 4067 951 4100 a
979 4068 993 4100 e
1031 4067 1051 4098 n
1065 4065 1106 4096 ves
1118 4065 1147 4096 re
1171 4065 1184 4096 e

111 4121 215 4166 minora
232 4119 259 4165 in
276 4127 371 4165 castra.
420 4112 480 4164 vid.
499 4127 554 4179 cep-
573 4107 605 4160 36
672 4063 821 4182 nalgdstum,
838 4133 889 4185 qua
902 4054 937 4155 (B
951 4053 1047 4167 An)ali
1068 4114 1114 4166 uid
1131 4113 1197 4165 locis

82 4193 146 4234 extr.
164 4181 270 4234 ibidem
287 4190 327 4234 est
344 4181 377 4234 de
391 4179 466 4233 colle.
483 4177 554 4249 Opus
567 4185 607 4229 est
673 4183 759 4299 capiet
772 4181 841 4236 locus
859 4203 872 4234 e
890 4181 1039 4252 Polyaeno?
1078 4182 1199 4251 ascripsit

83 4251 205 4300 urrinitio.
226 4249 269 4300 M.
672 4249 766 4300 colem
790 4251 818 4302 iu
843 4249 953 4318 Strateg.
979 4257 1008 4311 8,
1032 4249 1078 4310 23,
1105 4265 1149 4308 ro,
1172 4257 1199 4298 et

113 4318 157 4366 sed
182 4316 239 4367 silv.
266 4327 290 4366 et
316 4333 377 4384 ang.
428 4313 529 4366 Omnes
555 4309 608 4362 lere
674 4315 816 4385 descriptio
834 4318 903 4369 savct
921 4318 1067 4369 sententiae
1087 4313 1199 4366 Davisii.

31 4399 32 4404 ¹
84 4383 157 4434 codd.
175 4381 289 4443 habent,
300 4383 343 4433 sat
360 4381 427 4432 leuno
443 4379 500 4430 silv.
512 4391 535 4428 et
548 4397 608 4448 arag,
674 4384 712 4432 M.
724 4383 793 4436 (tud.
806 4386 914 4438 coniicit
929 4385 974 4458 leg.
989 4385 1035 4440 scd
1045 4383 1110 4436 tine.
1129 4380 1200 4452 quod

84 4447 113 4500 Iu
135 4469 189 4503 uuo
213 4457 268 4512 cst,
291 4450 335 4512 sed
359 4449 406 4501 aloc
432 4447 488 4498 silv.
506 4459 608 4516 etpang.
675 4448 769 4522 placet.
