3068 5260
348 365 459 436 xxiv
521 360 700 436 nsunrci
738 361 968 434 uonwstm
1010 363 1302 432 ursssnrn‘rro,

344 576 479 652 remoti
499 630 510 666 ,
536 575 600 674 qui
627 573 854 650 dictaturam
868 575 1034 650 Caesaris
1055 577 1200 650 unitate
1219 575 1364 650 faciunt
1383 587 1456 648 au⁴

347 713 518 783 ctiorem.
559 707 672 780 Hirtii
705 685 819 782 etiam
849 721 1045 804 personam
1072 707 1221 808 arguit,
1243 705 1344 805 quod
1384 705 1458 779 hoc

347 837 433 908 toto
460 831 557 908 bello
584 833 776 933 hispanico
803 832 855 906 sic
880 830 1048 930 loquitur
1073 839 1235 917 auctor,
1260 831 1366 930 quasi
1382 831 1464 929 ipse

345 987 517 1062 praesens
533 961 714 1053 adfuerit,
731 969 771 1038 et
787 958 955 1036 Caesaris
972 966 1097 1059 partes
1120 960 1235 1034 suerit
1253 959 1464 1059 ampiexus·

343 1093 471 1166 Prima
500 1091 577 1164 tere
604 1114 763 1190 persona
788 1089 868 1162 Nos
894 1089 1042 1186 inquit,
1067 1093 1108 1162 et
1131 1088 1373 1162 Caesarianos
1400 1114 1467 1158 no-

345 1236 443 1297 stros
472 1219 647 1321 appellat·
673 1221 757 1292 Hoc
784 1241 918 1317 nempe
944 1222 1028 1291 erat
1044 1271 1056 1307 ,
1070 1215 1172 1314 quod
1196 1217 1236 1288 in
1262 1213 1349 1288 betti
1380 1215 1469 1288 Gai-

345 1347 409 1426 lici
441 1350 527 1422 libri
552 1350 641 1422 VIII
666 1345 828 1449 Prologo
860 1348 938 1444 ipse
963 1349 1163 1418 monuerat
1187 1344 1357 1432 Hirtius,
1392 1344 1460 1416 sibi

347 1505 395 1555 ne
441 1477 533 1552 illud
572 1477 724 1577 quidem
763 1475 970 1567 accidisse,
1002 1481 1048 1550 ut
1073 1473 1325 1550 Alexandrino
1351 1480 1467 1572 atque

348 1607 526 1684 Africano
543 1603 642 1680 bello
659 1607 870 1678 interesset:
890 1605 1047 1677 innuens
1065 1599 1246 1702 proinde,
1262 1599 1301 1672 in
1319 1597 1470 1696 reliquis

349 1733 455 1810 bellis
480 1732 549 1806 sibi
580 1755 732 1833 quoque
758 1749 911 1833 operam
937 1731 1049 1806 fuisse
1073 1753 1148 1804 non
1174 1726 1358 1835 inutilem.
1383 1727 1470 1800 Non

215 1973 218 1982 .
350 1863 407 1937 ita
432 1868 534 1936 certe
560 1862 599 1936 in
626 1861 729 1937 bello.
750 1861 1002 1964 Alexandrino
1037 1860 1222 1959 loquitur,
1262 1865 1330 1934 aut
1367 1859 1471 1932 Afri-

353 2014 462 2064 cano.
487 1989 683 2088 Nusquam
708 1990 759 2064 ibi
786 1993 935 2092 prima,
961 1991 1026 2066 sed
1052 1991 1166 2064 tertia
1191 2012 1378 2090 persona,
1403 1987 1472 2060 ab·

354 2124 469 2200 sentis
494 2124 670 2198 nimirum
698 2126 823 2226 potius
850 2147 965 2222 quam
991 2121 1120 2213 illius,
1146 2124 1210 2222 qui
1243 2124 1355 2197 rebus
1388 2123 1472 2221 ipse

355 2255 527 2360 gerendis
552 2255 783 2346 interfuerit,
808 2256 1063 2330 narrationem
1089 2253 1266 2328 instituit.
1284 2254 1363 2327 Nec
1378 2261 1473 2351 puto

354 2393 429 2468 troc
455 2390 678 2492 praevidisse
703 2387 1033 2486 interpolatorem,
1050 2387 1089 2460 in
1108 2383 1261 2481 reliquis
1280 2383 1373 2458 adeo
1390 2410 1474 2486 per·

364 2545 502 2613 sonae,
526 2543 641 2620 quam
657 2517 860 2610 sustinuit,
881 2517 1078 2592 incautum
1096 2521 1212 2614 atque
1236 2513 1473 2589 obliviosum
