3032 5266
357 335 459 438 ’4ιο
701 349 756 412 un
793 347 926 412 necno
955 349 1087 414 crum

363 557 462 658 quod
488 554 649 630 multum
676 557 812 631 Caesar
837 558 1008 654 equitatu
1035 555 1195 630 valebat.
1220 557 1350 654 ltaque
1373 579 1450 628 con·

361 674 523 746 'stituunt
547 673 616 770 ipsi
641 671 684 744 iis
710 671 801 744 locis
827 671 1003 744 excedere
1029 677 1068 744 et
1085 671 1123 744 in
1142 668 1374 744 Celtiberiam
1390 667 1451 739 bel·

359 789 438 862 lum
465 787 676 862 transferre.
712 788 826 860 -Huic
860 787 1014 860 oonsilio
1049 785 1324 888 suffragabatur
1355 787 1452 860 etiarn

251 905 257 930 '
359 906 421 979 illa
448 931 533 996 res,
557 905 658 1004 quod
684 904 730 978 ex
756 902 902 978 duobus
927 904 1123 978 contrariis
1141 903 1360 1003 generibus,
1375 925 1453 998 quae

281 1035 283 1040 '
359 1021 546 1120 superiore
572 1018 668 1092 bello
695 1041 783 1092 cum
809 1019 851 1090 1..
882 1019 1046 1093 Sertorio
1072 1023 1258 1090 steterant
1282 1017 1454 1101 civitates,

358 1138 483 1210 victae
497 1158 632 1206 nomen
648 1141 759 1232 atquc
774 1131 973 1231 imperium
987 1132 1148 1206 absentis
1160 1132 1364 1216 timebant3
1377 1151 1454 1225 quae

357 1249 396 1322 in
424 1249 587 1321 amicitia
614 1252 847 1336 manserant,
873 1248 1038 1346 Pompeii
1057 1247 1202 1347 magnis
1220 1243 1388 1318 adiectae
1404 1241 1455 1312 be·

356 1363 495 1438 neficiis
522 1389 609 1438 eum
635 1361 861 1462 diligebant:
888 1361 1054 1436 &esuris
1079 1367 1209 1435 autem
1235 1361 1278 1432 in
1308 1355 1456 1430 barbaris

227 1499 230 1506 “
321 1507 330 1518 ·
356 1483 438 1550 erat
464 1499 600 1550 nomen
626 1476 832 1550 obscurius.
861 1477 958 1552 Hinc
984 1497 1140 1576 magnos
1166 1474 1364 1573 equitatus
1387 1493 1479 1542 mas

354 1617 502 1696 gnaque
528 1591 665 1667 auxilia
691 1592 959 1692 exspectabant
985 1599 1025 1668 ct
1051 1593 1125 1666 suis
1151 1590 1244 1665 locis
1272 1589 1406 1664 bellum
1426 1589 1456 1658 in

354 1709 517 1783 hiemem
542 1709 678 1784 ducere
693 1707 925 1810 cogitabant.
951 1709 1033 1782 Hoc
1056 1707 1154 1782 inito
1172 1705 1360 1794 consilio,
1385 1707 1453 1774 toto

355 1819 509 1896 flumine
534 1823 641 1896 lbero
669 1826 774 1898 navis
797 1824 1015 1922 conquirere
1031 1829 1070 1896 et
1086 1825 1320 1920 Octogesam
1338 1815 1454 1891 adduci

279 1997 287 2012 .
355 1937 498 2012 iubent.
541 1937 583 2012 ld
609 1945 694 2012 erat*
714 1938 894 2040 oppidum
919 1939 1084 2038 positum
1109 1935 1157 2010 ad
1184 1936 1365 2020 ducrum,
1395 1931 1454 2000 mi·

356 2055 479 2154 liaque
507 2079 684 2153 passuum
710 2079 733 2127 a
758 2054 890 2128 castris
917 2053 1045 2127 aberat
1063 2054 1208 2154 viginti.
1234 2052 1298 2126 Ad
1315 2045 1399 2123 cum
1413 2044 1454 2116 lo·

357 2201 445 2248 cum
471 2172 661 2266 fluminis,
699 2173 857 2248 navibus
895 2172 1059 2265 iunctis,
1092 2177 1247 2270 pontem
1282 2167 1451 2266 imperant

356 2289 460 2378 ficri,
486 2287 720 2389 legionesque
747 2287 838 2368 duas
864 2283 1003 2360 flumen
1035 2286 1195 2360 Sicorim
1219 2280 1452 2360 transducunt
1478 2323 1479 2326 =

356 2411 554 2501 castraque
579 2405 756 2478 muniunt
782 2401 881 2476 vallo
908 2401 1046 2502 pedum
1071 2399 1284 2476 duodecim.

406 2523 469 2595 62.
487 2523 625 2613 Quare
644 2545 709 2620 per
725 2519 979 2620 exploratores
998 2521 1162 2620 cognita,
1180 2543 1331 2593 summo
1344 2513 1450 2589 labore

356 2635 520 2708 militum
551 2636 703 2726 Caesar,
730 2635 953 2709 continuato
981 2635 1078 2708 diem
1106 2641 1333 2732 noctemque
1361 2645 1453 2726 opere

355 2751 394 2823 in
425 2746 579 2822 flumine
605 2749 836 2840 avertendo,
862 2749 936 2823 huc
963 2751 1036 2824 iam
1064 2747 1270 2822 deduxerat
1296 2768 1400 2830 rem,
1420 2743 1451 2810 ul

356 2865 525 2960 equites,
551 2865 619 2938 etsi
652 2861 852 2938 difficulter
878 2869 991 2962 atque
1017 2887 1125 2964 aegre
1152 2862 1288 2952 fiebat,
1322 2855 1452 2959 possent

356 2985 483 3048 tamen
510 2982 623 3076 atque
655 2979 836 3052 auderent
861 2977 1001 3054 flumen
1019 2978 1198 3065 boseira,
1215 2978 1358 3075 pedites
1377 2988 1449 3042 vcro

355 3093 620 3168 tantummodo
647 3094 810 3168 humeris
835 3119 879 3168 ac
906 3119 1053 3168 summo
1071 3100 1226 3196 pectore
1242 3089 1449 3180 exstare,et

944 3465 1028 3516 iudae
1041 3503 1049 3526 ,
1060 3471 1104 3582 ³ut
1115 3464 1190 3534 apud
1206 3464 1342 3516 Lucanum
1361 3475 1392 3516 ι,
1411 3452 1447 3514 ⁵⁸5

946 3541 972 3584 et
993 3549 1022 3582 ιο
1111 3568 1118 3581 .

930 3616 933 3628 ·
979 3543 1129 3650 sedulle.
1149 3597 1239 3676 ¹naqa>
1262 3595 1380 3648 aaran
1404 3580 1447 3635 Alii

945 3667 1091 3718 reduxerat.
1108 3665 1247 3719 Manutius
1253 3669 1335 3718 'rcere
1351 3649 1446 3714 emend*

944 3733 1014 3785 rit-e
1031 3751 1103 3785 ruore
1121 3736 1215 3784 nostri.
1233 3731 1296 3785 Vid.
1313 3749 1370 3802 cap·
1386 3739 1419 3790 7⁰·

977 3812 1089 3851 exstare.
1097 3799 1313 3870 Legearstorent,
1330 3792 1445 3868 equibus·

945 3867 1005 3920 clam
1011 3867 1089 3922 codd.
1098 3869 1163 3921 Mox
1173 3886 1224 3920 non
1233 3865 1378 3919 tollendum
1385 3875 1443 3926 Μ·

356 3465 440 3584 oipsi
450 3465 481 3511 iis
497 3461 567 3512 toea.
585 3462 628 3516 Al.
640 3469 710 3532 ipris.
721 3463 879 3518 Emendavit

384 3529 528 3650 ¹delatraret}
547 3615 605 3669 gen.
628 3545 739 3669 quarm
759 3599 806 3652 elii
826 3601 878 3652 llo·

355 3663 442 3744 mauis
459 3665 653 3733 adhaeserant,
674 3666 721 3720 ulii
737 3685 799 3719 cum
815 3669 878 3722 Ser-

356 3743 424 3784 tono
441 3740 579 3784 steterant.

389 3815 480 3850 nomen
502 3801 633 3862 adramis,
655 3799 783 3872 Pompeii.
808 3799 877 3852 Flor.

355 3865 390 3930 3,
417 3884 441 3916 ι.
470 3865 596 3918 Davisius.
618 3867 749 3920 Suadebat
769 3867 812 3920 lrlc
833 3885 877 3918 uo·

354 3952 417 3987 men
434 3932 552 4002 Pompeii
566 3952 580 3984 e
592 3933 661 3988 linea
672 3952 725 4004 req.
738 3935 877 3988 tranrlrrro

353 4010 417 4072 post
434 4003 575 4081 atreum..

354 4068 801 4214 raliadcncbirigullimllrlnlidmsrilln.
817 4067 876 4206 llig-

353 4205 395 4266 4⁶.
413 4201 481 4254 Flor.
499 4202 535 4263 d,
556 4219 595 4255 ιι.

388 4275 460 4320 navis
482 4273 639 4338 conquirere.
663 4270 780 4324 Subaudi
805 4270 875 4324 mill·

355 4343 404 4412 tes.
428 4335 503 4388 Alibi
525 4355 632 4406 quoque
656 4355 716 4390 cum
743 4337 874 4389 infinitivo

353 4409 440 4457 activo
468 4411 496 4457 rt
526 4407 631 4472 passivo
662 4403 741 4458 simul
767 4407 874 4458 struitur

944 3934 1032 4006 plures
1053 3944 1233 3990 monuerunt:
1254 3943 1283 3986 ct
1304 3943 1345 3986 eat
1365 3937 1445 4004 pertin·

944 4019 1021 4057 cuum
1042 4021 1057 4055 e
1076 4021 1133 4073 cap.
1151 4001 1205 4063 63,
1227 4001 1275 4053 ubi
1298 4000 1347 4053 soli
1363 4000 1444 4068 cqmffl

943 4072 1170 4124 transmittuntur.
1191 4070 1228 4120 Μ.
1252 4076 1287 4125 To'
1308 4081 1401 4122 exirm
1414 4073 1442 4108 rt

943 4139 1026 4190 lcrtur
1047 4136 1081 4190 ad
1103 4145 1219 4206 possem.
1238 4137 1303 4192 Non
1319 4145 1376 4188 ante
1390 4135 1444 4193 inp?

943 4205 1063 4284 director
1083 4205 1202 4270 sustuli3
1222 4221 1271 4270 ¹racc
1292 4213 1358 4258 stare
1374 4193 1443 4309 pol?l

942 4289 1089 4392 unu.
1121 4269 1441 4399 ..sursulus

942 4405 1010 4461 male
1028 4405 1141 4464 sedulum
1157 4405 1300 4462 &maur
1314 4399 1425 4458 lunio·
