3040 5264
334 371 452 518 ’.ξύ
754 393 809 466 nt
844 405 977 466 necno
1012 407 1134 466 cren

358 605 502 703 equites
521 609 561 678 et
578 626 691 678 naves
708 611 747 680 et
764 605 995 680 frumentum
1020 603 1200 678 Romanis
1218 601 1340 676 deesse
1356 597 1443 676 intel*

357 721 524 822 legerent
542 729 579 797 et
598 725 827 823 paucitatem
854 722 1015 796 militum
1035 747 1082 796 ex
1101 727 1309 796 castrorum
1327 723 1445 820 exigui·

360 849 442 916 tate
469 849 756 944 cognoscerent,
774 865 868 939 qnae
888 843 959 914 hoc
978 845 1085 914 erant
1103 841 1216 912 etiem
1237 839 1446 939 angustiora,

360 959 461 1059 qnod
488 962 566 1032 sine
592 959 853 1059 inpedimentis
883 956 1017 1030 Caesar
1046 954 1207 1056 legiones
1237 959 1447 1054 transporta-

356 1081 486 1167 verat,
500 1076 685 1176 optimum
704 1075 810 1146 factu
825 1097 903 1146 esse
922 1071 1338 1162 duxerunt,rebellione
1355 1071 1447 1158 iacta,

357 1195 548 1268 frumento
569 1197 859 1288 commeatuque
877 1195 1025 1262 nostros
1047 1189 1242 1287 prohibere
1270 1197 1311 1264 et
1334 1215 1404 1263 rem
1419 1191 1447 1260 in

356 1310 518 1384 hiemem
548 1309 774 1409 producere,
801 1308 923 1405 quod,
947 1307 992 1379 iis
1021 1311 1222 1405 superetis,
1250 1313 1320 1382 aut
1348 1307 1447 1379 reditu

357 1423 590 1513 interclusis,
609 1423 794 1495 neminem
822 1427 950 1520 postea
976 1421 1061 1495 belli
1089 1421 1270 1495 inferendi
1288 1415 1407 1495 caussa
1420 1421 1447 1490 in

358 1541 591 1614 Britanniam
619 1539 867 1612 transiturum
894 1537 1146 1612 confidebant.

409 1657 472 1728 31.
498 1657 649 1751 ltaque,
679 1677 807 1726 rursus
833 1651 1092 1726 coniuratione
1124 1653 1246 1743 facta,
1279 1649 1448 1753 paullatim

359 1793 409 1845 ex
436 1771 567 1844 castris
595 1769 782 1843 discedere
800 1793 844 1842 ac
862 1792 949 1842 suos
981 1767 1078 1841 clam
1097 1793 1143 1842 ex
1160 1773 1259 1870 agris
1290 1767 1448 1842 deducere

358 1893 577 1987 coeperunt.
602 1887 655 1960 At
680 1886 837 1976 Caesar,
865 1886 934 1956 etsi
962 1883 1131 1958 nondum
1158 1909 1291 1960 eorum
1320 1883 1448 1959 consilia

358 2007 612 2100 cognoverat,
630 2006 757 2072 tamen
787 2005 825 2072 et
851 2021 898 2070 ex
923 2005 1061 2073 eventu
1089 2001 1243 2073 navium
1263 2003 1449 2074 suammet

357 2137 405 2187 ex
422 2137 486 2204 eo,
502 2112 602 2212 quod
620 2113 765 2186 obsides
783 2111 871 2185 dare
888 2114 1184 2205 intermiserant,
1201 2115 1283 2189 lore
1297 2114 1353 2199 id,
1368 2108 1448 2208 quod

357 2229 518 2318 accidit,
535 2229 805 2328 suspicabatur.
823 2230 954 2326 ltaque
973 2227 1020 2300 ad
1037 2253 1166 2300 ornnes
1183 2253 1293 2302 casus
1309 2223 1448 2300 subsidia

358 2344 621 2441 comparabat:
641 2367 730 2415 nam
746 2349 785 2416 et
801 2343 1032 2416 frumentum
1059 2365 1107 2414 ex
1131 2344 1230 2444 agris
1248 2340 1405 2440 quotidie
1419 2337 1447 2406 in

357 2466 479 2532 castra
508 2459 725 2533 conferebat
737 2513 747 2548 ,
759 2465 815 2549 et,
832 2483 926 2558 quae
940 2459 1156 2560 gravissime
1174 2458 1345 2534 adflictae
1361 2457 1448 2529 erant

356 2598 490 2664 naves,
507 2601 636 2650 earnm
655 2576 810 2648 materia
824 2584 936 2674 atque
952 2601 1035 2650 aere
1053 2575 1100 2650 ad
1117 2575 1277 2676 reliquas
1296 2573 1448 2651 reficien-

357 2685 423 2758 das
445 2689 621 2761 utebatur
636 2695 694 2776 et,
710 2713 804 2785 quae
824 2689 871 2762 ad
891 2693 952 2763 eas
969 2715 1028 2763 res
1049 2697 1158 2764 erant
1182 2691 1284 2778 usui,
1313 2713 1358 2762 ex
1378 2708 1448 2758 con·

356 2801 491 2874 tinenti
511 2807 739 2903 comportari
764 2804 929 2879 iubebat.
956 2807 1107 2905 ltaque,
1121 2831 1238 2905 quum
1259 2806 1298 2879 id
1320 2824 1448 2878 summo

356 2914 479 2988 studio
498 2943 520 2989 a
537 2918 718 2992 militibus
737 2919 1078 3012 administraretur,
1094 2921 1291 2996 duodecim
1310 2915 1448 2992 navibus

357 3033 520 3121 amissis,
538 3031 688 3132 reliquis
706 3041 750 3110 ut
768 3035 935 3136 navigari
953 3037 1150 3112 commode
1168 3043 1315 3138 posset,
1332 3033 1447 3109 effecit

409 3151 471 3224 32.
498 3151 597 3224 Dum
616 3175 659 3226 ea
677 3159 877 3254 geruntur,
890 3144 1033 3252 legiorle
1048 3178 1094 3228 ex
1108 3155 1373 3230 consuetudine
1390 3171 1448 3221 una

355 3265 626 3342 frumentatum
640 3271 768 3358 missa,
779 3293 873 3365 quae
888 3268 1146 3368 adpellabatur
1159 3274 1336 3372 septima,
1348 3288 1448 3362 neque

355 3380 431 3454 ulla
449 3381 495 3454 ad
514 3381 552 3454 id
569 3389 719 3481 tempus
745 3381 829 3456 belli
857 3383 1064 3482 suspicione
1091 3385 1331 3484 interposita,
1350 3400 1447 3480 quum

354 3519 439 3593 pars
454 3494 648 3570 hominum
662 3499 699 3568 in
713 3500 810 3597 agris
825 3503 1052 3588 remaneret,
1067 3523 1150 3597 pars
1164 3501 1279 3572 etiam
1293 3501 1329 3572 in
1344 3498 1447 3570 castre

355 3614 577 3700 ventitaret,
605 3614 646 3703 ii,
666 3614 728 3712 qui
757 3638 824 3712 pro
852 3615 970 3712 portis
1003 3621 1214 3688 castrorum
1239 3616 1279 3688 in
1307 3612 1447 3688 statione

353 3905 430 4026 ἔξω
440 3907 474 3957 nd
482 3906 618 3959 caesarem
630 3911 807 3958 convenerant.
821 3905 878 3956 lam
974 3923 1038 3978 pars
1055 3905 1192 3962 tremissum.
1211 3907 1390 3966 Britannorum
1401 3899 1446 3958 tell

400 3975 491 4092 antius
514 3975 621 4026 rectiora
643 3973 759 4025 dederat.
793 3971 879 4026 Habet
945 3985 975 4028 ut
992 3975 1106 4030 Graecus
1122 3977 1227 4030 diserte.

355 4049 384 4092 et
425 4059 522 4092 reeens.
824 4079 829 4088 ·

388 4113 509 4175 optimum
518 4107 603 4178 sceau.
621 4107 653 4160 al.
663 4111 773 4180 jactum.
977 4115 1004 4161 in
1021 4115 1100 4182 egris·
1132 4107 1266 4183 Principes
1282 4111 1446 4166 Britannorum

387 4187 433 4224 aut
449 4175 540 4224 reditu.
558 4175 663 4226 llotom.
681 4179 759 4226 aditu
778 4175 854 4228 mele.
942 4177 1074 4231 iusserant
1097 4195 1157 4231 suos
1179 4181 1207 4230 in
1229 4199 1304 4250 egros
1329 4183 1445 4244 remigrate

355 4257 389 4290 ex
404 4251 492 4290 eventu
509 4261 534 4292 n.
551 4261 572 4291 s.
591 4244 634 4294 Sic
651 4243 681 4294 C.
702 4260 730 4304 2,
749 4251 772 4297 5.
783 4247 877 4316 Jortu·
942 4263 964 4298 c.
989 4261 1034 4310 27,
1055 4253 1082 4298 et
1102 4245 1169 4300 elam
1194 4265 1225 4298 ex
1249 4249 1317 4318 egris
1338 4245 1445 4299 deducere
1477 4241 1478 4250 ¹

354 4324 447 4358 narum
463 4322 584 4359 eventum.
942 4323 1082 4382 coeperant
1098 4331 1119 4365 c·
1138 4313 1179 4364 30.
1205 4315 1272 4366 llinc
1290 4313 1444 4380 intelligetur,

388 4391 456 4424 aere.
473 4391 498 4425 v.
516 4375 574 4428 Iud.
602 4377 631 4426 in
654 4397 712 4438 aes,
730 4375 776 4430 uhi
799 4397 877 4435 neves
943 4379 1008 4450 quid
1026 4379 1073 4432 lroc
1090 4381 1139 4439 sit,
1157 4379 1343 4434 Britannorum
1360 4385 1444 4451 μύω

350 4449 455 4494 cernue
471 4439 664 4496 describuntur.
681 4443 719 4498 M.
773 4467 777 4480 ·
944 4447 973 4498 in
991 4449 1057 4516 egris
1074 4451 1235 4502 remansisse.
1251 4447 1294 4502 Μ.
