3032 5266
367 384 446 449 tro.
482 385 509 447 1.
545 387 637 448 cnr.
675 351 850 475 54-58.
1026 497 1031 522 Ι
1063 369 1159 483 407

55 599 141 668 erat
165 593 210 667 D.
236 593 388 668 Brutus.
438 595 518 667 Hae
546 593 593 668 ad
618 591 798 682 insulam,
824 613 918 691 quae
944 597 1002 664 est
1035 603 1170 669 contra

55 711 281 797 Massiliam,
309 712 488 784 elationes
514 709 746 787 obtinebant.

107 824 170 914 5,’.
197 825 288 899 Erat
315 825 435 903 rnnlto
461 825 613 898 inferior
638 825 792 897 navium
817 845 974 896 numero
999 821 1173 912 Brutusa

50 937 119 1010 secl
146 937 310 1012 delectos
337 958 384 1010 ex
408 939 581 1016 omnibus
605 937 813 1038 legionibus
830 936 1049 1010 fortissimos
1068 937 1172 1012 viros

52 1055 317 1154 antesignanos
335 1055 580 1128 Centuriones
597 1055 732 1128 Caesar
749 1052 784 1126 ei
800 1050 905 1126 classi
920 1051 1165 1142 adtribuent,

51 1172 121 1269 qui
148 1172 216 1244 sibi
242 1171 280 1244 id
305 1173 469 1246 muneris
495 1171 798 1272 depoposcerant.
826 1172 854 1243 li
876 1168 1172 1244 manusteneas

51 1293 167 1381 atque
194 1287 423 1386 harpagones
443 1293 685 1386 paraverant5
709 1309 920 1387 magnoque
937 1307 1093 1357 numero
1111 1285 1165 1383 pi·

51 1399 201 1490 lorum,
239 1401 474 1503 tragularum
512 1401 823 1500 reliquorumque
845 1399 1007 1475 telorum
1041 1425 1079 1474 se
1106 1402 1168 1474 in-

54 1521 286 1589 struxerant.
312 1517 388 1606 lta‘,
415 1518 566 1616 cognito
593 1518 757 1591 bostium
784 1515 974 1604 adventu,
1000 1537 1085 1588 suas
1104 1539 1168 1590 ns«

55 1655 124 1703 ves
144 1656 189 1703 ex
208 1638 319 1730 portu
339 1632 522 1723 educunt,
541 1659 629 1706 cum
647 1631 936 1705 Massiliensibus
948 1627 1167 1732 confligunt.

53 1749 273 1846 Pugnatum
301 1750 488 1847 utrimque
515 1755 571 1822 est
597 1749 794 1838 fortissime
821 1754 935 1845 atque
962 1748 1169 1836 acerrime;

57 1883 180 1958 neque
205 1861 368 1938 mullum
395 1865 515 1938 Albici
543 1864 678 1948 nostris
704 1864 845 1936 virtute
872 1861 1081 1952 cedebant,
1107 1861 1173 1937 lm*

56 1975 178 2049 mines
204 1981 321 2076 asperi
348 1987 386 2052 et
412 1981 599 2064 montani,
628 1981 823 2058 exercitali
842 1980 879 2052 in
898 1979 1027 2052 armis:
1056 1985 1171 2078 atque

56 2092 106 2180 ii,
134 2093 245 2166 modo
272 2093 423 2196 digressi
450 2122 471 2169 a
497 2094 805 2185 Massiliensibus,
830 2102 1018 2178 recentem
1037 2121 1169 2184 eorum

53 2207 365 2307 pollicitationem
391 2213 524 2285 animis
548 2212 790 2291 continebant
799 2239 810 2301 ς
837 2218 1077 2312 pastoresque
1111 2217 1174 2289 in·-

55 2325 220 2417 dnmitl,
244 2353 306 2427 spe
333 2327 514 2402 libertatis
549 2330 728 2420 excitati,
768 2331 836 2403 sub
876 2329 993 2404 oculis
1027 2330 1170 2410 domiui

56 2466 166 2516 suam
194 2444 350 2541 probare
379 2469 529 2543 operam
546 2444 768 2518 studebant.

10 2549 14 2556 ¹
110 2555 172 2640 58.
191 2560 261 2656 lpsi
276 2559 538 2648 Massilienses,
552 2567 591 2633 et
603 2560 793 2634 celeritate
809 2561 981 2649 navium,
998 2565 1037 2634 et
1052 2560 1173 2634 scien-

55 2675 112 2747 tia
139 2677 432 2772 gubernatorum
467 2675 615 2764 confisi,
651 2683 799 2750 nostros
832 2675 1031 2752 eludebant
1064 2667 1172 2776 inpe.

55 2796 193 2888 lusque
219 2815 348 2864 eorum
375 2793 631 2890 excipiebant3
650 2800 712 2880 et,
735 2793 858 2892 quoad
880 2793 1018 2869 licebat
1037 2793 1170 2871 latiore

55 2902 201 3008 ep'atio,
227 2908 409 3006 producta
435 2909 580 3007 longius
597 2911 697 2999 acie,
714 2911 987 2992 circumvenire
1005 2919 1171 3006 nostros,

56 3027 127 3094 aut
152 3022 319 3120 pluribus
359 3023 515 3103 navibus
556 3021 690 3098 adoriri
730 3023 917 3125 singulas,
955 3032 1023 3100 aut
1048 3049 1173 3102 remos

54 3142 351 3210 transcurrentes
378 3137 594 3236 detergere,
620 3139 649 3210 si
677 3144 851 3236 possent,
870 3137 1169 3234 contendebant5

54 3273 175 3347 quum
201 3253 351 3350 propius
377 3259 459 3324 erat
484 3255 689 3326 necessario
718 3259 899 3344 ventum,
937 3255 985 3328 ab
1011 3257 1166 3330 scientia

54 3362 352 3462 gubernatorum
380 3372 493 3463 atque
519 3367 684 3442 artificiis
709 3367 757 3442 ad
775 3369 955 3445 virtutem
973 3374 1169 3443 montano-

90 3609 268 3664 canariam.
281 3609 352 3673 ideo,
370 3618 402 3662 ut
413 3617 499 3666 esseut
510 3609 582 3663 Cen·
648 3609 750 3674 Naris,
769 3627 816 3681 per
832 3609 932 3666 medias
949 3611 1059 3667 hostiles
1076 3623 1173 3678 vesu,

53 3681 192 3736 turinnes,
210 3679 380 3748 fungerentur
396 3695 502 3731 munere
513 3677 582 3732 Ceu·
648 3679 675 3730 ri
696 3686 724 3730 et
747 3681 851 3757 impetu
874 3688 996 3732 vecturae
1017 3699 1103 3734 mmor
1127 3701 1171 3735 ea-

55 3747 200 3798 tnrionnm.
222 3745 258 3796 Μ.
528 3756 531 3762 ·
648 3763 708 3797 rum
730 3746 864 3814 refringit,
882 3745 954 3811 (boc
975 3749 1049 3800 euim
1070 3757 1111 3802 est
1127 3751 1172 3802 de·
1199 3747 1202 3754 ’

90 3825 211 3881 pastores
283 3813 407 3863 indomiti.
431 3811 523 3864 &mo
548 3811 581 3865 de
648 3816 860 3881 urgcrsrcmnr)
877 3815 961 3884 iisque
977 3813 1172 3868 refunderen-

53 3881 105 3940 iis,
159 3897 198 3931 ros
241 3879 349 3932 amilius
365 3895 451 3931 secum
468 3879 581 3932 adduxe·
647 3895 721 3932 versa
737 3879 771 3932 ad
787 3897 846 3932 suos
858 3879 939 3942 ‚redit
953 3881 1105 3935 sexcenties
1121 3881 1173 3936 laos

54 3955 106 3999 rat.
159 3946 209 3998 ude
232 3945 347 3998 lorinins
371 3946 421 4015 legi
445 3945 519 3999 iubet
538 3945 581 4000 vel
647 3946 677 3998 in
702 3945 899 4000 remotionibus
920 3957 1039 4001 vetentur
1058 3951 1170 4020 scripto·

54 4016 203 4068 Domitiani
226 4012 269 4066 vel
293 4021 384 4084 postea
409 4031 458 4084 pru
484 4015 581 4067 domlm'
648 4031 706 4066 mm
728 4016 848 4067 oceanit-
870 4014 968 4068 Graece
992 4016 1087 4068 dicitur
1105 4022 1169 4078 alls-r

54 4081 124 4156 poni
144 4079 261 4132 Domitii.
573 4139 576 4148 .
648 4087 726 4139 strue·
743 4081 781 4130 Μ.
797 4081 858 4134 Vid.
875 4081 935 4134 Lir.
954 4087 1002 4140 ²8,
1022 4083 1055 4134 30
1072 4090 1100 4134 et
1116 4081 1171 4147 36,

90 4149 186 4204 latiore
198 4152 298 4218 spatio,
316 4148 414 4220 rpripps
430 4155 506 4199 extra
520 4165 581 4228 por·
649 4157 690 4211 44.
709 4148 760 4208 38,
779 4153 801 4198 5.
820 4149 863 4200 Cf.
881 4148 1000 4202 b'clrefl'er
1016 4148 1050 4201 de
1066 4167 1094 4208 re
1106 4167 1169 4203 nav.

58 4224 126 4268 tum.
146 4215 182 4265 Μ.
648 4212 681 4280 3,
696 4217 720 4266 6.
734 4215 817 4267 Notat
827 4215 1004 4288 distorquere,
1016 4217 1169 4283 iufringere.

86 4281 213 4350 producta
225 4282 338 4354 langiu,
349 4281 376 4333 iu
388 4279 602 4352 bagitsdinem'
681 4281 807 4353 artificiis.
825 4281 910 4335 codd.
927 4293 954 4336 ct
970 4283 1030 4336 cdd.
1047 4291 1112 4336 vett.
1129 4301 1170 4335 ass

57 4359 175 4401 extensa.
193 4349 236 4400 Μ.
648 4345 732 4418 ufiois.
761 4347 825 4402 lude
852 4349 919 4402 Seal.
945 4345 1013 4404 hese
1040 4353 1094 4402 arti
1114 4353 1170 4404 aa.

92 4427 322 4481 eramusmaerore,
371 4413 581 4471 nsusenrreads.
647 4415 704 4477 atii
715 4434 851 4492 perpsm
862 4416 969 4490 arriserat
978 4417 1083 4475 velant
1160 4449 1171 4478 ,
