<?xml version="1.0" encoding="UTF-8"?>
<!DOCTYPE html PUBLIC "-//W3C//DTD XHTML 1.0 Transitional//EN"
    "http://www.w3.org/TR/xhtml1/DTD/xhtml1-transitional.dtd">
<html xmlns="http://www.w3.org/1999/xhtml" xml:lang="en" lang="en">
 <head>
  <title>
</title>
<meta http-equiv="Content-Type" content="text/html;charset=utf-8" />
  <meta name='ocr-system' content='tesseract 3.04.00' />
  <meta name='ocr-capabilities' content='ocr_page ocr_carea ocr_par ocr_line ocrx_word'/>
</head>
<body>
  <div class='ocr_page' id='page_1' title='image "./ciuliicaesarisc00cellgoog_0024.png"; bbox 0 0 3068 5260; ppageno 0'>
   <div class='ocr_carea' id='block_1_1' title="bbox 343 353 1115 452">
    <p class='ocr_par' dir='ltr' id='par_1_1' title="bbox 343 353 1115 452">
     <span class='ocr_line' id='line_1_1' title="bbox 343 353 1115 452; baseline -0.004 -30"><span class='ocrx_word' id='word_1_1' title='bbox 343 355 418 422; x_wconf 76' lang='lat' dir='ltr'><strong>XVI</strong></span> <span class='ocrx_word' id='word_1_2' title='bbox 679 353 854 419; x_wconf 82' lang='lat' dir='ltr'><strong>HENlllCl</strong></span> <span class='ocrx_word' id='word_1_3' title='bbox 889 356 1115 452; x_wconf 75' lang='lat' dir='ltr'><strong>DONl&#39;IELLl</strong></span> 
     </span>
    </p>
   </div>
   <div class='ocr_carea' id='block_1_2' title="bbox 308 563 1513 688">
    <p class='ocr_par' dir='ltr' id='par_1_2' title="bbox 308 563 1513 688">
     <span class='ocr_line' id='line_1_2' title="bbox 308 563 1513 688; baseline 0.005 -49"><span class='ocrx_word' id='word_1_4' title='bbox 308 618 311 626; x_wconf 84' lang='lat'><em>·</em></span> <span class='ocrx_word' id='word_1_5' title='bbox 343 563 508 639; x_wconf 81' lang='lat' dir='ltr'>Caesaris</span> <span class='ocrx_word' id='word_1_6' title='bbox 535 572 616 639; x_wconf 89' lang='lat' dir='ltr'><strong>erat</strong></span> <span class='ocrx_word' id='word_1_7' title='bbox 650 565 689 638; x_wconf 94' lang='lat' dir='ltr'><strong>in</strong></span> <span class='ocrx_word' id='word_1_8' title='bbox 721 563 868 655; x_wconf 87' lang='lat' dir='ltr'><strong>Gallia,</strong></span> <span class='ocrx_word' id='word_1_9' title='bbox 898 563 929 639; x_wconf 85' lang='lat' dir='ltr'><strong>si</strong></span> <span class='ocrx_word' id='word_1_10' title='bbox 963 564 1114 664; x_wconf 87' lang='lat' dir='ltr'><strong>quidem</strong></span> <span class='ocrx_word' id='word_1_11' title='bbox 1149 591 1196 642; x_wconf 85' lang='lat' dir='ltr'><strong>ex</strong></span> <span class='ocrx_word' id='word_1_12' title='bbox 1226 565 1392 669; x_wconf 91' lang='lat' dir='ltr'><strong>epistolis</strong></span> <span class='ocrx_word' id='word_1_13' title='bbox 1429 597 1455 645; x_wconf 82' lang='lat' dir='ltr'><strong>a</strong></span> <span class='ocrx_word' id='word_1_14' title='bbox 1509 627 1513 688; x_wconf 54' lang='lat'>4</span> 
     </span>
    </p>
   </div>
   <div class='ocr_carea' id='block_1_3' title="bbox 342 679 1456 1048">
    <p class='ocr_par' dir='ltr' id='par_1_3' title="bbox 342 679 1456 1048">
     <span class='ocr_line' id='line_1_3' title="bbox 343 679 1456 794; baseline 0.004 -30"><span class='ocrx_word' id='word_1_15' title='bbox 343 691 521 766; x_wconf 83' lang='lat' dir='ltr'>Cicerone</span> <span class='ocrx_word' id='word_1_16' title='bbox 539 691 767 764; x_wconf 87' lang='lat' dir='ltr'><strong>conservatis</strong></span> <span class='ocrx_word' id='word_1_17' title='bbox 785 689 897 764; x_wconf 88' lang='lat' dir='ltr'><strong>liceat</strong></span> <span class='ocrx_word' id='word_1_18' title='bbox 914 691 958 765; x_wconf 87' lang='lat' dir='ltr'><strong>de</strong></span> <span class='ocrx_word' id='word_1_19' title='bbox 975 679 1123 789; x_wconf 85' lang='lat' dir='ltr'><strong>reliquis</strong></span> <span class='ocrx_word' id='word_1_20' title='bbox 1142 697 1328 794; x_wconf 79' lang='lat' dir='ltr'><strong>augurari.</strong></span> <span class='ocrx_word' id='word_1_21' title='bbox 1356 697 1456 794; x_wconf 90' lang='lat' dir='ltr'><strong>Spe·</strong></span> 
     </span>
     <span class='ocr_line' id='line_1_4' title="bbox 343 810 1455 914; baseline 0.006 -25"><span class='ocrx_word' id='word_1_22' title='bbox 343 823 451 890; x_wconf 88' lang='lat' dir='ltr'><strong>etant</strong></span> <span class='ocrx_word' id='word_1_23' title='bbox 480 810 580 890; x_wconf 84' lang='lat' dir='ltr'><strong>enim</strong></span> <span class='ocrx_word' id='word_1_24' title='bbox 610 815 692 890; x_wconf 87' lang='lat' dir='ltr'><strong>illae</strong></span> <span class='ocrx_word' id='word_1_25' title='bbox 724 815 771 890; x_wconf 89' lang='lat' dir='ltr'><strong>ad</strong></span> <span class='ocrx_word' id='word_1_26' title='bbox 802 819 923 914; x_wconf 86' lang='lat' dir='ltr'><strong>prima</strong></span> <span class='ocrx_word' id='word_1_27' title='bbox 953 819 1039 892; x_wconf 89' lang='lat' dir='ltr'><strong>belli</strong></span> <span class='ocrx_word' id='word_1_28' title='bbox 1072 819 1192 894; x_wconf 87' lang='lat' dir='ltr'><strong>civilis</strong></span> <span class='ocrx_word' id='word_1_29' title='bbox 1226 824 1345 896; x_wconf 84' lang='lat' dir='ltr'><strong>initia.</strong></span> <span class='ocrx_word' id='word_1_30' title='bbox 1393 825 1455 896; x_wconf 77' lang='lat' dir='ltr'><strong>Ex</strong></span> 
     </span>
     <span class='ocr_line' id='line_1_5' title="bbox 342 941 1456 1048; baseline 0.004 -35"><span class='ocrx_word' id='word_1_31' title='bbox 342 941 400 1014; x_wconf 89' lang='lat' dir='ltr'><strong>his</strong></span> <span class='ocrx_word' id='word_1_32' title='bbox 426 943 541 1042; x_wconf 84' lang='lat' dir='ltr'><strong>igitur</strong></span> <span class='ocrx_word' id='word_1_33' title='bbox 567 941 731 1040; x_wconf 87' lang='lat' dir='ltr'><strong>epistolis</strong></span> <span class='ocrx_word' id='word_1_34' title='bbox 756 942 803 1016; x_wconf 86' lang='lat' dir='ltr'><strong>ad</strong></span> <span class='ocrx_word' id='word_1_35' title='bbox 820 945 986 1044; x_wconf 90' lang='lat' dir='ltr'><strong>Oppium</strong></span> <span class='ocrx_word' id='word_1_36' title='bbox 1004 945 1100 1028; x_wconf 77' lang='lat' dir='ltr'><strong>datis</strong></span> <span class='ocrx_word' id='word_1_37' title='bbox 1117 969 1242 1020; x_wconf 89' lang='lat' dir='ltr'><strong>rerum</strong></span> <span class='ocrx_word' id='word_1_38' title='bbox 1262 954 1456 1048; x_wconf 84' lang='lat' dir='ltr'><strong>gestarum</strong></span> 
     </span>
    </p>
   </div>
   <div class='ocr_carea' id='block_1_4' title="bbox 224 1191 1457 3609">
    <p class='ocr_par' dir='ltr' id='par_1_4' title="bbox 224 1191 1457 3609">
     <span class='ocr_line' id='line_1_6' title="bbox 341 1191 1455 1296; baseline 0.003 -31"><span class='ocrx_word' id='word_1_39' title='bbox 341 1193 443 1265; x_wconf 89' lang='lat' dir='ltr'><strong>mine</strong></span> <span class='ocrx_word' id='word_1_40' title='bbox 468 1191 581 1266; x_wconf 90' lang='lat' dir='ltr'><strong>libros</strong></span> <span class='ocrx_word' id='word_1_41' title='bbox 608 1193 790 1270; x_wconf 73' lang='lat' dir='ltr'><strong>edidisset.</strong></span> <span class='ocrx_word' id='word_1_42' title='bbox 837 1197 893 1268; x_wconf 88' lang='lat' dir='ltr'><strong>lta</strong></span> <span class='ocrx_word' id='word_1_43' title='bbox 920 1196 1007 1286; x_wconf 88' lang='lat' dir='ltr'><strong>liet,</strong></span> <span class='ocrx_word' id='word_1_44' title='bbox 1038 1204 1083 1270; x_wconf 91' lang='lat' dir='ltr'><strong>ut</strong></span> <span class='ocrx_word' id='word_1_45' title='bbox 1110 1199 1189 1296; x_wconf 90' lang='lat' dir='ltr'><strong>pari</strong></span> <span class='ocrx_word' id='word_1_46' title='bbox 1220 1197 1292 1270; x_wconf 90' lang='lat' dir='ltr'><strong>lide</strong></span> <span class='ocrx_word' id='word_1_47' title='bbox 1319 1197 1455 1295; x_wconf 82' lang='lat' dir='ltr'>dignae</span> 
     </span>
     <span class='ocr_line' id='line_1_7' title="bbox 224 1299 1456 1422; baseline 0.002 -29"><span class='ocrx_word' id='word_1_48' title='bbox 224 1299 226 1304; x_wconf 32' lang='lat'>⁵</span> <span class='ocrx_word' id='word_1_49' title='bbox 261 1308 264 1321; x_wconf 54' lang='lat'><strong>¹</strong></span> <span class='ocrx_word' id='word_1_50' title='bbox 342 1323 416 1394; x_wconf 80' lang='lat' dir='ltr'><strong>sint</strong></span> <span class='ocrx_word' id='word_1_51' title='bbox 434 1345 560 1396; x_wconf 90' lang='lat' dir='ltr'><strong>rerum</strong></span> <span class='ocrx_word' id='word_1_52' title='bbox 578 1327 768 1421; x_wconf 83' lang='lat' dir='ltr'><strong>gestarum</strong></span> <span class='ocrx_word' id='word_1_53' title='bbox 786 1325 1036 1410; x_wconf 76' lang='lat' dir='ltr'><strong>narrationes,</strong></span> <span class='ocrx_word' id='word_1_54' title='bbox 1063 1350 1128 1398; x_wconf 91' lang='lat' dir='ltr'><strong>seu</strong></span> <span class='ocrx_word' id='word_1_55' title='bbox 1147 1325 1214 1408; x_wconf 82' lang='lat' dir='ltr'><strong>hos</strong></span> <span class='ocrx_word' id='word_1_56' title='bbox 1240 1323 1354 1398; x_wconf 87' lang='lat' dir='ltr'><strong>libros</strong></span> <span class='ocrx_word' id='word_1_57' title='bbox 1375 1327 1456 1422; x_wconf 88' lang='lat' dir='ltr'><strong>ipse</strong></span> 
     </span>
     <span class='ocr_line' id='line_1_8' title="bbox 341 1449 1456 1552; baseline -0.003 -27"><span class='ocrx_word' id='word_1_58' title='bbox 341 1451 505 1526; x_wconf 84' lang='lat' dir='ltr'><strong>exararit</strong></span> <span class='ocrx_word' id='word_1_59' title='bbox 532 1450 701 1552; x_wconf 88' lang='lat' dir='ltr'><strong>Oppius,</strong></span> <span class='ocrx_word' id='word_1_60' title='bbox 734 1473 799 1524; x_wconf 88' lang='lat' dir='ltr'><strong>seu</strong></span> <span class='ocrx_word' id='word_1_61' title='bbox 833 1451 955 1526; x_wconf 88' lang='lat' dir='ltr'><strong>iunior</strong></span> <span class='ocrx_word' id='word_1_62' title='bbox 980 1453 1104 1552; x_wconf 93' lang='lat' dir='ltr'><strong>Oppio</strong></span> <span class='ocrx_word' id='word_1_63' title='bbox 1130 1451 1313 1550; x_wconf 86' lang='lat' dir='ltr'><strong>quispiam</strong></span> <span class='ocrx_word' id='word_1_64' title='bbox 1338 1449 1456 1524; x_wconf 92' lang='lat' dir='ltr'><strong>colle-</strong></span> 
     </span>
     <span class='ocr_line' id='line_1_9' title="bbox 343 1577 1456 1684; baseline -0.002 -30"><span class='ocrx_word' id='word_1_65' title='bbox 343 1581 441 1684; x_wconf 81' lang='lat' dir='ltr'>gerit</span> <span class='ocrx_word' id='word_1_66' title='bbox 474 1605 494 1654; x_wconf 91' lang='lat' dir='ltr'><strong>e</strong></span> <span class='ocrx_word' id='word_1_67' title='bbox 530 1580 694 1652; x_wconf 81' lang='lat' dir='ltr'>Caesaris</span> <span class='ocrx_word' id='word_1_68' title='bbox 730 1577 917 1678; x_wconf 88' lang='lat' dir='ltr'><strong>epistolis,</strong></span> <span class='ocrx_word' id='word_1_69' title='bbox 961 1583 1083 1681; x_wconf 88' lang='lat' dir='ltr'><strong>Oppio</strong></span> <span class='ocrx_word' id='word_1_70' title='bbox 1120 1581 1305 1680; x_wconf 72' lang='lat' dir='ltr'><strong>inscriptis</strong></span> <span class='ocrx_word' id='word_1_71' title='bbox 1340 1585 1456 1675; x_wconf 87' lang='lat' dir='ltr'><strong>atque</strong></span> 
     </span>
     <span class='ocr_line' id='line_1_10' title="bbox 344 1707 1455 1808; baseline -0.004 -26"><span class='ocrx_word' id='word_1_72' title='bbox 344 1709 474 1782; x_wconf 83' lang='lat' dir='ltr'><strong>Balbo.</strong></span> <span class='ocrx_word' id='word_1_73' title='bbox 508 1707 618 1782; x_wconf 85' lang='lat' dir='ltr'><strong>Certe</strong></span> <span class='ocrx_word' id='word_1_74' title='bbox 635 1709 759 1808; x_wconf 91' lang='lat' dir='ltr'><strong>Oppio</strong></span> <span class='ocrx_word' id='word_1_75' title='bbox 777 1733 835 1782; x_wconf 90' lang='lat' dir='ltr'><strong>res</strong></span> <span class='ocrx_word' id='word_1_76' title='bbox 854 1709 1023 1784; x_wconf 83' lang='lat' dir='ltr'><strong>Caesaris</strong></span> <span class='ocrx_word' id='word_1_77' title='bbox 1037 1710 1151 1782; x_wconf 89' lang='lat' dir='ltr'><strong>etiam</strong></span> <span class='ocrx_word' id='word_1_78' title='bbox 1170 1734 1324 1783; x_wconf 86' lang='lat' dir='ltr'><strong>arcanas</strong></span> <span class='ocrx_word' id='word_1_79' title='bbox 1345 1709 1455 1780; x_wconf 85' lang='lat' dir='ltr'><strong>luisse</strong></span> 
     </span>
     <span class='ocr_line' id='line_1_11' title="bbox 344 1833 1454 1936; baseline -0.003 -28"><span class='ocrx_word' id='word_1_80' title='bbox 344 1833 684 1934; x_wconf 78' lang='lat' dir='ltr'><strong>exploratissimae,</strong></span> <span class='ocrx_word' id='word_1_81' title='bbox 709 1859 756 1909; x_wconf 89' lang='lat' dir='ltr'><strong>ex</strong></span> <span class='ocrx_word' id='word_1_82' title='bbox 780 1859 825 1910; x_wconf 94' lang='lat' dir='ltr'><strong>eo</strong></span> <span class='ocrx_word' id='word_1_83' title='bbox 850 1835 946 1911; x_wconf 92' lang='lat' dir='ltr'><strong>libro</strong></span> <span class='ocrx_word' id='word_1_84' title='bbox 972 1835 1187 1936; x_wconf 77' lang='lat' dir='ltr'><strong>colligitur,</strong></span> <span class='ocrx_word' id='word_1_85' title='bbox 1220 1858 1333 1934; x_wconf 89' lang='lat' dir='ltr'><strong>quem</strong></span> <span class='ocrx_word' id='word_1_86' title='bbox 1359 1834 1454 1906; x_wconf 55' lang='lat' dir='ltr'><strong>scri*</strong></span> 
     </span>
     <span class='ocr_line' id='line_1_12' title="bbox 344 1939 1455 2064; baseline -0.002 -29"><span class='ocrx_word' id='word_1_87' title='bbox 344 1964 458 2064; x_wconf 87' lang='lat' dir='ltr'><strong>psisse</strong></span> <span class='ocrx_word' id='word_1_88' title='bbox 489 1939 652 2038; x_wconf 87' lang='lat' dir='ltr'><strong>testatur</strong></span> <span class='ocrx_word' id='word_1_89' title='bbox 681 1964 848 2064; x_wconf 86' lang='lat' dir='ltr'><strong>Oppium</strong></span> <span class='ocrx_word' id='word_1_90' title='bbox 874 1967 1074 2039; x_wconf 78' lang='lat' dir='ltr'><strong>Suetonius</strong></span> <span class='ocrx_word' id='word_1_91' title='bbox 1105 1963 1174 2038; x_wconf 89' lang='lat' dir='ltr'><strong>lul.</strong></span> <span class='ocrx_word' id='word_1_92' title='bbox 1206 1989 1288 2063; x_wconf 90' lang='lat' dir='ltr'><strong>cap.</strong></span> <span class='ocrx_word' id='word_1_93' title='bbox 1309 1963 1379 2052; x_wconf 80' lang='lat'><strong>52,</strong></span> <span class='ocrx_word' id='word_1_94' title='bbox 1412 1971 1455 2034; x_wconf 95' lang='lat' dir='ltr'><strong>ut</strong></span> 
     </span>
     <span class='ocr_line' id='line_1_13' title="bbox 344 2089 1457 2191; baseline -0.004 -26"><span class='ocrx_word' id='word_1_95' title='bbox 344 2091 522 2191; x_wconf 88' lang='lat' dir='ltr'><strong>probaret</strong></span> <span class='ocrx_word' id='word_1_96' title='bbox 550 2117 624 2165; x_wconf 92' lang='lat' dir='ltr'><strong>non</strong></span> <span class='ocrx_word' id='word_1_97' title='bbox 657 2091 767 2166; x_wconf 88' lang='lat' dir='ltr'><strong>fuisse</strong></span> <span class='ocrx_word' id='word_1_98' title='bbox 802 2093 967 2168; x_wconf 83' lang='lat' dir='ltr'><strong>Caesaris</strong></span> <span class='ocrx_word' id='word_1_99' title='bbox 997 2093 1141 2182; x_wconf 87' lang='lat' dir='ltr'><strong>lilium,</strong></span> <span class='ocrx_word' id='word_1_100' title='bbox 1176 2115 1287 2189; x_wconf 88' lang='lat' dir='ltr'><strong>quem</strong></span> <span class='ocrx_word' id='word_1_101' title='bbox 1320 2089 1457 2162; x_wconf 85' lang='lat' dir='ltr'><strong>dixerit</strong></span> 
     </span>
     <span class='ocr_line' id='line_1_14' title="bbox 342 2219 1456 2320; baseline -0.001 -29"><span class='ocrx_word' id='word_1_102' title='bbox 342 2219 568 2320; x_wconf 82' lang='lat' dir='ltr'><strong>Cleopatra,</strong></span> <span class='ocrx_word' id='word_1_103' title='bbox 600 2245 732 2319; x_wconf 86' lang='lat' dir='ltr'><strong>nempe</strong></span> <span class='ocrx_word' id='word_1_104' title='bbox 760 2221 1030 2295; x_wconf 88' lang='lat' dir='ltr'><strong>Caesarionem.</strong></span> <span class='ocrx_word' id='word_1_105' title='bbox 1062 2223 1186 2294; x_wconf 88' lang='lat' dir='ltr'><strong>Minus</strong></span> <span class='ocrx_word' id='word_1_106' title='bbox 1218 2227 1347 2294; x_wconf 89' lang='lat' dir='ltr'><strong>tamen</strong></span> <span class='ocrx_word' id='word_1_107' title='bbox 1376 2219 1456 2291; x_wconf 91' lang='lat' dir='ltr'><strong>ido-</strong></span> 
     </span>
     <span class='ocr_line' id='line_1_15' title="bbox 344 2347 1456 2450; baseline 0.002 -32"><span class='ocrx_word' id='word_1_108' title='bbox 344 2371 436 2422; x_wconf 87' lang='lat' dir='ltr'><strong>neus</strong></span> <span class='ocrx_word' id='word_1_109' title='bbox 466 2347 595 2423; x_wconf 83' lang='lat' dir='ltr'><strong>fuisset</strong></span> <span class='ocrx_word' id='word_1_110' title='bbox 629 2351 772 2450; x_wconf 85' lang='lat' dir='ltr'><strong>Oppius</strong></span> <span class='ocrx_word' id='word_1_111' title='bbox 804 2349 852 2422; x_wconf 93' lang='lat' dir='ltr'><strong>ad</strong></span> <span class='ocrx_word' id='word_1_112' title='bbox 889 2349 1126 2424; x_wconf 88' lang='lat' dir='ltr'><strong>scribendum</strong></span> <span class='ocrx_word' id='word_1_113' title='bbox 1161 2349 1206 2422; x_wconf 90' lang='lat' dir='ltr'><strong>de</strong></span> <span class='ocrx_word' id='word_1_114' title='bbox 1238 2349 1310 2421; x_wconf 88' lang='lat' dir='ltr'><strong>hoo</strong></span> <span class='ocrx_word' id='word_1_115' title='bbox 1341 2371 1456 2448; x_wconf 84' lang='lat' dir='ltr'><strong>argu-</strong></span> 
     </span>
     <span class='ocr_line' id='line_1_16' title="bbox 344 2477 1455 2574; baseline -0.002 -22"><span class='ocrx_word' id='word_1_116' title='bbox 344 2481 500 2565; x_wconf 84' lang='lat' dir='ltr'><strong>mento,</strong></span> <span class='ocrx_word' id='word_1_117' title='bbox 531 2477 561 2550; x_wconf 90' lang='lat' dir='ltr'><strong>si</strong></span> <span class='ocrx_word' id='word_1_118' title='bbox 590 2477 668 2574; x_wconf 89' lang='lat' dir='ltr'><strong>ipse</strong></span> <span class='ocrx_word' id='word_1_119' title='bbox 702 2501 850 2574; x_wconf 87' lang='lat' dir='ltr'><strong>quoque</strong></span> <span class='ocrx_word' id='word_1_120' title='bbox 879 2477 977 2550; x_wconf 88' lang='lat' dir='ltr'><strong>bello</strong></span> <span class='ocrx_word' id='word_1_121' title='bbox 999 2477 1260 2552; x_wconf 79' lang='lat' dir='ltr'><strong>&#39;Alexandrino</strong></span> <span class='ocrx_word' id='word_1_122' title='bbox 1292 2501 1365 2550; x_wconf 94' lang='lat' dir='ltr'><strong>non</strong></span> <span class='ocrx_word' id='word_1_123' title='bbox 1397 2479 1455 2550; x_wconf 92' lang='lat' dir='ltr'><strong>in-</strong></span> 
     </span>
     <span class='ocr_line' id='line_1_17' title="bbox 344 2593 1453 2706; baseline 0.001 -32"><span class='ocrx_word' id='word_1_124' title='bbox 344 2604 548 2677; x_wconf 85' lang='lat' dir='ltr'><strong>terfuisset.</strong></span> <span class='ocrx_word' id='word_1_125' title='bbox 566 2603 701 2678; x_wconf 86' lang='lat' dir='ltr'><strong>Melius</strong></span> <span class='ocrx_word' id='word_1_126' title='bbox 727 2629 814 2706; x_wconf 83' lang='lat' dir='ltr'><strong>ergo</strong></span> <span class='ocrx_word' id='word_1_127' title='bbox 841 2607 913 2680; x_wconf 90' lang='lat' dir='ltr'><strong>hac</strong></span> <span class='ocrx_word' id='word_1_128' title='bbox 931 2605 976 2679; x_wconf 89' lang='lat' dir='ltr'><strong>de</strong></span> <span class='ocrx_word' id='word_1_129' title='bbox 1002 2631 1132 2680; x_wconf 88' lang='lat' dir='ltr'><strong>caussa</strong></span> <span class='ocrx_word' id='word_1_130' title='bbox 1159 2607 1324 2680; x_wconf 86' lang='lat' dir='ltr'><strong>Hirtium</strong></span> <span class='ocrx_word' id='word_1_131' title='bbox 1345 2593 1453 2678; x_wconf 87' lang='lat' dir='ltr'><strong>huius</strong></span> 
     </span>
     <span class='ocr_line' id='line_1_18' title="bbox 346 2730 1456 2836; baseline 0.003 -32"><span class='ocrx_word' id='word_1_132' title='bbox 346 2730 496 2832; x_wconf 87' lang='lat' dir='ltr'><strong>Prologi</strong></span> <span class='ocrx_word' id='word_1_133' title='bbox 523 2739 715 2806; x_wconf 88' lang='lat' dir='ltr'><strong>auctorem</strong></span> <span class='ocrx_word' id='word_1_134' title='bbox 742 2735 1049 2810; x_wconf 83' lang='lat' dir='ltr'><strong>existimabimus.</strong></span> <span class='ocrx_word' id='word_1_135' title='bbox 1083 2737 1194 2836; x_wconf 91' lang='lat' dir='ltr'><strong>Oppii</strong></span> <span class='ocrx_word' id='word_1_136' title='bbox 1222 2737 1319 2810; x_wconf 90' lang='lat' dir='ltr'><strong>enim</strong></span> <span class='ocrx_word' id='word_1_137' title='bbox 1347 2738 1456 2810; x_wconf 88' lang='lat' dir='ltr'><strong>testi-</strong></span> 
     </span>
     <span class='ocr_line' id='line_1_19' title="bbox 232 2851 1454 2966; baseline 0.002 -31"><span class='ocrx_word' id='word_1_138' title='bbox 232 2879 234 2884; x_wconf 80' lang='grc'>’</span> <span class='ocrx_word' id='word_1_139' title='bbox 345 2863 472 2936; x_wconf 90' lang='lat' dir='ltr'><strong>monio</strong></span> <span class='ocrx_word' id='word_1_140' title='bbox 503 2851 554 2936; x_wconf 78' lang='lat' dir='ltr'><strong>de&#39;</strong></span> <span class='ocrx_word' id='word_1_141' title='bbox 583 2861 658 2937; x_wconf 86' lang='lat' dir='ltr'><strong>lilio</strong></span> <span class='ocrx_word' id='word_1_142' title='bbox 685 2863 853 2938; x_wconf 87' lang='lat' dir='ltr'><strong>Caesaris</strong></span> <span class='ocrx_word' id='word_1_143' title='bbox 879 2865 1071 2966; x_wconf 85' lang='lat' dir='ltr'><strong>pugnabat</strong></span> <span class='ocrx_word' id='word_1_144' title='bbox 1105 2869 1218 2939; x_wconf 87' lang='lat' dir='ltr'><strong>etiam</strong></span> <span class='ocrx_word' id='word_1_145' title='bbox 1244 2867 1454 2954; x_wconf 84' lang='lat' dir='ltr'><strong>Antonius,</strong></span> 
     </span>
     <span class='ocr_line' id='line_1_20' title="bbox 349 2966 1455 3082; baseline 0.004 -20"><span class='ocrx_word' id='word_1_146' title='bbox 349 2989 414 3063; x_wconf 87' lang='lat' dir='ltr'><strong>vix</strong></span> <span class='ocrx_word' id='word_1_147' title='bbox 438 2990 491 3064; x_wconf 90' lang='lat' dir='ltr'><strong>ita</strong></span> <span class='ocrx_word' id='word_1_148' title='bbox 519 2995 620 3064; x_wconf 87' lang='lat' dir='ltr'><strong>certe</strong></span> <span class='ocrx_word' id='word_1_149' title='bbox 647 2966 860 3082; x_wconf 60' lang='lat' dir='ltr'><strong>facturmj</strong></span> <span class='ocrx_word' id='word_1_150' title='bbox 881 2993 949 3065; x_wconf 92' lang='lat' dir='ltr'><strong>nisi</strong></span> <span class='ocrx_word' id='word_1_151' title='bbox 975 2993 1221 3067; x_wconf 83' lang='lat' dir='ltr'><strong>Alexandriae</strong></span> <span class='ocrx_word' id='word_1_152' title='bbox 1248 3017 1335 3069; x_wconf 89' lang='lat' dir='ltr'><strong>cum</strong></span> <span class='ocrx_word' id='word_1_153' title='bbox 1364 2993 1455 3066; x_wconf 88' lang='lat' dir='ltr'><strong>Cae-</strong></span> 
     </span>
     <span class='ocr_line' id='line_1_21' title="bbox 349 3119 1454 3224; baseline 0.002 -30"><span class='ocrx_word' id='word_1_154' title='bbox 349 3143 430 3194; x_wconf 80' lang='lat' dir='ltr'><strong>sare</strong></span> <span class='ocrx_word' id='word_1_155' title='bbox 457 3119 647 3196; x_wconf 85' lang='lat' dir='ltr'><strong>adfuisset.</strong></span> <span class='ocrx_word' id='word_1_156' title='bbox 680 3123 815 3195; x_wconf 87' lang='lat' dir='ltr'><strong>Nescio</strong></span> <span class='ocrx_word' id='word_1_157' title='bbox 841 3123 985 3212; x_wconf 86' lang='lat' dir='ltr'><strong>etiam,</strong></span> <span class='ocrx_word' id='word_1_158' title='bbox 1011 3147 1058 3195; x_wconf 89' lang='lat' dir='ltr'><strong>an</strong></span> <span class='ocrx_word' id='word_1_159' title='bbox 1085 3123 1146 3196; x_wconf 85' lang='lat' dir='ltr'><strong>lric</strong></span> <span class='ocrx_word' id='word_1_160' title='bbox 1173 3125 1285 3197; x_wconf 89' lang='lat' dir='ltr'><strong>luerit</strong></span> <span class='ocrx_word' id='word_1_161' title='bbox 1311 3125 1454 3224; x_wconf 91' lang='lat' dir='ltr'><strong>Oppius</strong></span> 
     </span>
     <span class='ocr_line' id='line_1_22' title="bbox 348 3246 1456 3352; baseline 0.004 -31"><span class='ocrx_word' id='word_1_162' title='bbox 348 3246 523 3348; x_wconf 82' lang='lat' dir='ltr'><strong>legatus,</strong></span> <span class='ocrx_word' id='word_1_163' title='bbox 563 3251 669 3325; x_wconf 88' lang='lat' dir='ltr'><strong>cuius</strong></span> <span class='ocrx_word' id='word_1_164' title='bbox 706 3250 849 3324; x_wconf 89' lang='lat' dir='ltr'><strong>mentio</strong></span> <span class='ocrx_word' id='word_1_165' title='bbox 888 3250 1049 3323; x_wconf 57' lang='lat' dir='ltr'><strong>in‘brllo</strong></span> <span class='ocrx_word' id='word_1_166' title='bbox 1076 3251 1252 3326; x_wconf 84' lang='lat' dir='ltr'><strong>Africano</strong></span> <span class='ocrx_word' id='word_1_167' title='bbox 1286 3278 1367 3352; x_wconf 86' lang='lat' dir='ltr'><strong>cap.</strong></span> <span class='ocrx_word' id='word_1_168' title='bbox 1395 3251 1456 3325; x_wconf 82' lang='lat'><strong>68.</strong></span> 
     </span>
     <span class='ocr_line' id='line_1_23' title="bbox 346 3380 1455 3480; baseline -0.002 -22"><span class='ocrx_word' id='word_1_169' title='bbox 346 3380 399 3458; x_wconf 77' lang='lat' dir='ltr'><strong>Et</strong></span> <span class='ocrx_word' id='word_1_170' title='bbox 430 3390 532 3456; x_wconf 88' lang='lat' dir='ltr'><strong>certe</strong></span> <span class='ocrx_word' id='word_1_171' title='bbox 565 3381 686 3457; x_wconf 90' lang='lat' dir='ltr'><strong>Hirtio</strong></span> <span class='ocrx_word' id='word_1_172' title='bbox 720 3381 838 3480; x_wconf 85' lang='lat' dir='ltr'><strong>magis</strong></span> <span class='ocrx_word' id='word_1_173' title='bbox 865 3380 967 3454; x_wconf 86' lang='lat' dir='ltr'><strong>lavet</strong></span> <span class='ocrx_word' id='word_1_174' title='bbox 991 3383 1068 3480; x_wconf 91' lang='lat' dir='ltr'><strong>ipse</strong></span> <span class='ocrx_word' id='word_1_175' title='bbox 1095 3383 1322 3472; x_wconf 79' lang='lat' dir='ltr'><strong>Suetonius,</strong></span> <span class='ocrx_word' id='word_1_176' title='bbox 1366 3383 1455 3456; x_wconf 88' lang='lat' dir='ltr'><strong>dum</strong></span> 
     </span>
     <span class='ocr_line' id='line_1_24' title="bbox 350 3505 1455 3609; baseline 0 -29"><span class='ocrx_word' id='word_1_177' title='bbox 350 3505 464 3580; x_wconf 86' lang='lat' dir='ltr'><strong>Hirtii</strong></span> <span class='ocrx_word' id='word_1_178' title='bbox 490 3509 638 3582; x_wconf 89' lang='lat' dir='ltr'><strong>nomine</strong></span> <span class='ocrx_word' id='word_1_179' title='bbox 666 3507 781 3580; x_wconf 89' lang='lat' dir='ltr'><strong>verba</strong></span> <span class='ocrx_word' id='word_1_180' title='bbox 813 3531 861 3582; x_wconf 84' lang='lat' dir='ltr'><strong>ex</strong></span> <span class='ocrx_word' id='word_1_181' title='bbox 886 3506 949 3580; x_wconf 94' lang='lat' dir='ltr'><strong>illo</strong></span> <span class='ocrx_word' id='word_1_182' title='bbox 976 3509 1055 3608; x_wconf 87' lang='lat' dir='ltr'><strong>ipso</strong></span> <span class='ocrx_word' id='word_1_183' title='bbox 1083 3505 1248 3582; x_wconf 85' lang='lat' dir='ltr'><strong>advocat</strong></span> <span class='ocrx_word' id='word_1_184' title='bbox 1272 3507 1455 3609; x_wconf 86' lang='lat' dir='ltr'><strong>Prologo,</strong></span> 
     </span>
    </p>
   </div>
   <div class='ocr_carea' id='block_1_5' title="bbox 45 3627 1006 3736">
    <p class='ocr_par' dir='ltr' id='par_1_5' title="bbox 45 3627 1006 3736">
     <span class='ocr_line' id='line_1_25' title="bbox 45 3627 1006 3736; baseline 0.014 -39"><span class='ocrx_word' id='word_1_185' title='bbox 45 3627 46 3630; x_wconf 73' lang='grc'>’</span> <span class='ocrx_word' id='word_1_186' title='bbox 196 3679 198 3684; x_wconf 91' lang='grc'>-</span> <span class='ocrx_word' id='word_1_187' title='bbox 351 3657 446 3732; x_wconf 91' lang='lat' dir='ltr'><strong>quae</strong></span> <span class='ocrx_word' id='word_1_188' title='bbox 472 3634 654 3734; x_wconf 88' lang='lat' dir='ltr'><strong>hodieque</strong></span> <span class='ocrx_word' id='word_1_189' title='bbox 679 3637 730 3711; x_wconf 89' lang='lat' dir='ltr'><strong>ibi</strong></span> <span class='ocrx_word' id='word_1_190' title='bbox 755 3635 1006 3736; x_wconf 86' lang='lat' dir='ltr'><strong>reperiuntur.</strong></span> 
     </span>
    </p>
   </div>
   <div class='ocr_carea' id='block_1_6' title="bbox 0 0 1542 5260">
    <p class='ocr_par' dir='ltr' id='par_1_6' title="bbox 0 0 1542 5260">
     <span class='ocr_line' id='line_1_26' title="bbox 0 0 1542 5260; baseline 0 0"><span class='ocrx_word' id='word_1_191' title='bbox 0 0 1542 5260; x_wconf 95' lang='lat' dir='ltr'><strong> </strong></span> 
     </span>
    </p>
   </div>
  </div>
 </body>
</html>
