3026 5264
229 4069 230 4072 =
316 4043 491 4105 (vorticilen),
510 4041 581 4111 quod
598 4037 690 4091 eodem
709 4039 782 4091 redit.
797 4040 841 4092 M.

327 361 422 482 342
693 397 748 454 ns
784 396 917 456 senno
952 397 1073 456 cicc.

323 597 550 687 interfectis,
578 602 645 670 aut
684 598 822 698 captis,
866 623 1002 699 magna
1041 593 1178 696 praeda
1217 587 1446 694 potiuntur:

324 716 471 814 capitur
497 717 574 814 ipse
601 739 645 786 eo
671 717 812 814 proelio
839 715 1018 814 Drappes.

375 833 434 924 37.
462 827 667 918 Caninius,
693 829 901 902 felicissime
929 856 968 904 re
991 837 1117 932 gesta,
1135 831 1213 904 sine
1231 828 1310 903 ullo
1330 854 1447 929 paene

320 947 454 1021 militis
481 945 656 1032 vulnere,
683 946 730 1019 ad
757 947 978 1019 obsidendos
996 947 1200 1045 oppidanos
1219 953 1448 1033 revestitum

321 1071 553 1162 externoque
581 1065 687 1135 hoste
713 1061 859 1152 deleto,
886 1063 991 1136 cuius
1019 1065 1154 1136 timore
1173 1069 1282 1136 antea
1302 1089 1445 1163 augere

319 1181 505 1282 praesidia
532 1187 569 1253 et
593 1180 800 1252 munitione
828 1179 1030 1276 oppidanos
1057 1179 1289 1252 circumdare
1320 1181 1447 1279 probi·

320 1295 426 1368 bitus
444 1287 544 1382 erat,
558 1317 670 1392 opera
689 1291 850 1390 undique
865 1297 1025 1391 imperat
1042 1293 1306 1364 administrari.
1329 1295 1446 1366 Venit

322 1409 455 1480 eodem
481 1429 571 1482 cum
597 1408 673 1480 suis
699 1409 814 1505 copiis
841 1415 990 1506 postero
1018 1407 1076 1478 die
1117 1406 1156 1478 C.
1185 1406 1324 1478 Fabius
1356 1431 1446 1504 par-

322 1533 476 1622 temque
504 1523 627 1622 oppidi
656 1527 771 1596 sumit
797 1523 843 1596 ad
871 1523 1157 1598 obsidendum..

375 1643 437 1716 38.
464 1642 600 1713 Caesar
617 1640 769 1714 interim
786 1641 837 1711 M.
855 1642 1062 1712 Antonium
1081 1643 1333 1732 Quaestorem
1352 1665 1446 1712 curn

322 1758 539 1834 cohortibus
565 1759 635 1830 XV
661 1757 699 1828 in
725 1753 933 1830 Bellovacis
958 1757 1126 1852 reliquit,
1153 1781 1199 1829 ne
1217 1782 1293 1853 qua
1313 1781 1445 1830 rursus

321 1901 510 1952 novorum
538 1872 778 1948 consiliorum
806 1871 853 1944 ad
881 1873 1103 1970 capiendum
1122 1874 1261 1948 bellum
1279 1875 1444 1948 facultas

322 1993 493 2066 daretur:
520 1992 597 2089 ipse
624 1988 783 2086 reliquas
810 1988 982 2065 civitates
1008 1989 1105 2078 adit,
1132 1987 1276 2060 obsides
1312 1988 1443 2088 plures

319 2109 507 2206 imperat,
533 2107 708 2178 timentes
735 2099 902 2176 omniuin
931 2115 1074 2178 animos
1100 2103 1356 2178 consolatione
1385 2131 1441 2178 sa-

321 2233 399 2300 nat.
427 2228 554 2318 Quum
581 2224 618 2295 in
646 2223 828 2294 Carnutes
854 2223 1042 2305 venisset,
1083 2245 1242 2318 quorum
1283 2222 1442 2294 consilio

320 2341 360 2414 in
388 2339 542 2411 civitate
569 2339 756 2433 superiore
784 2335 1055 2408 commentario
1094 2337 1229 2408 Caesar
1264 2339 1441 2435 exposuit

320 2453 469 2528 initium
495 2449 580 2523 belli
609 2475 687 2522 esse
705 2456 851 2534 ortum,
870 2449 970 2548 quod
987 2451 1184 2548 praecipue
1202 2473 1265 2521 eos
1282 2455 1443 2548 propter

321 2569 590 2642 conscientiam
615 2565 707 2638 facti
735 2568 866 2638 timere
893 2567 1060 2638 animum
1086 2564 1331 2654 advertebat,
1358 2589 1462 2670 quo·

320 2680 477 2754 celerius
503 2681 697 2770 civitat-em
724 2687 829 2753 metu
855 2677 1047 2770 liberaret,
1065 2679 1271 2777 principem
1287 2676 1446 2768 sceleris

319 2792 420 2865 illius
446 2798 486 2866 et
511 2794 783 2866 concitatorem
809 2791 918 2882 belli,
944 2794 1194 2881 Gutruatum,
1221 2792 1268 2866 ad
1293 2791 1445 2891 subpli-

321 2912 424 2984 cium
450 2909 642 3006 deposcit:
670 2910 760 3008 qui,
786 2911 854 2982 etsi
882 2935 928 2982 ne
954 2911 1099 2982 civibus
1126 2909 1275 3010 quidem
1303 2911 1380 2983 suis
1399 2935 1445 2984 se

321 3026 611 3114 committebat,
637 3031 763 3098 tamen
791 3024 980 3115 celeriter,
1008 3027 1174 3100 omnium
1203 3051 1292 3100 cura
1318 3051 1446 3124 quae·

318 3145 436 3234 situs,
462 3146 500 3218 in
527 3150 650 3216 castra
677 3141 906 3242 perducitur.
944 3141 1101 3241 Cogitur
1126 3145 1163 3216 in
1191 3145 1269 3216 eius
1294 3143 1446 3243 subpli-

321 3264 422 3334 cium
449 3263 584 3334 Caesar
603 3267 735 3334 contra
753 3266 925 3331 naturam
944 3283 1069 3342 suam,
1090 3259 1255 3330 maximo
1272 3259 1445 3334 militum

319 3400 504 3452 concursu
515 3429 527 3466 ,
553 3375 618 3473 qui
644 3375 677 3448 ei
705 3374 830 3451 omnia
846 3371 1014 3472 pericula
1030 3378 1069 3446 et
1087 3372 1309 3446 detrimenta
1326 3372 1446 3463 belli,

350 3723 443 3786 angae
468 3705 617 3784 pressistis,
645 3701 841 3782 multiplicare,
908 3704 936 3781 iu
956 3703 1030 3756 codd.
1048 3721 1102 3756 non
1120 3704 1200 3784 modo
1217 3707 1334 3776 antiquis
1347 3715 1376 3756 et
1391 3706 1439 3760 bo-

315 3770 842 3918 ttttltulttlttffts‘tf’tlttl
908 3769 1440 3908 tlsltddttlttlttsctldtlt

316 3907 362 3961 Sic
379 3905 441 3960 libri
459 3906 537 3967 bom,
555 3905 601 3958 s'ed
613 3905 705 4024 plures
722 3903 797 3965 libri,
815 3913 842 3956 ct
908 3905 1077 3956 sustulerunt.
1094 3907 1133 3955 M.
1151 3904 1204 3960 sed
1220 3905 1281 3958 vide
1300 3922 1327 3970 7,
1347 3926 1372 3959 2.

316 3976 345 4029 iu
364 3974 404 4028 his
422 3975 501 4026 etium
519 3973 596 4034 boni,
623 3971 712 4026 rubent
730 3974 841 4024 dividere

943 4011 1107 4061 Giitruatum.
1125 4009 1204 4060 Conl.
1223 4026 1250 4074 7,
1267 4009 1296 4072 3,
1314 4009 1362 4063 ubi
1381 4013 1435 4064 duo

907 4085 1022 4130 suctores
1035 4077 1097 4128 belli
1110 4078 1298 4138 nominantur,
1311 4079 1357 4130 sed
1376 4080 1435 4131 nnl-

908 4143 949 4196 lus
972 4145 1133 4202 Gntruatus,
1155 4145 1226 4196 cuins
1249 4163 1345 4196 nomen
1367 4146 1394 4197 h.
1413 4147 1433 4197 l.

907 4220 1044 4282 tantopere
1069 4213 1193 4270 variatur,
1216 4220 1246 4263 ut
1268 4223 1313 4263 nut
1336 4215 1432 4264 uescin-

317 4305 370 4372 duo
389 4307 450 4359 lilni
467 4311 563 4378 optimi
580 4307 678 4360 liabent
696 4311 730 4360 orl
746 4315 840 4376 cnpi'en·
907 4299 978 4357 μηδ’
1001 4278 1074 4348 ‘lude
1095 4279 1197 4372 mmm
1220 4279 1365 4374 “siffefil'
1385 4289 1435 4332 Μ

315 4375 374 4426 dum
391 4375 490 4426 benum.
508 4377 550 4427 M.
571 4377 635 4428 Rem,
657 4377 666 4425 ἱ
683 4395 743 4428 cum
760 4378 831 4428 Oud.
906 4365 935 4399 tn
953 4348 1077 4398 Cotuntus
1095 4345 1251 4399 mutandum
1269 4356 1312 4397 bll-
1332 4348 1372 4398 M·

197 4437 201 4446 '
350 4459 457 4519 priorum
474 4443 587 4498 cornilio,
632 4395 713 4496 ilcest
729 4446 860 4516 ¹solicitior
934 4443 1091 4514 perducitur.
1112 4441 1166 4500 Alii
1181 4441 1335 4513 producitur.

316 4108 442 4225 Vopplam
467 4121 543 4164 anteo
572 4107 708 4178 praemisit
732 4105 800 4160 Oud.
826 4125 840 4158 c

317 4193 527 4302 coizrnic'cnrlorum
537 4242 629 4305 Belgis.
641 4241 691 4294 Pro
701 4239 743 4293 his
754 4261 839 4295 rursus

481 4709 494 4738 N
