2986 5268
398 365 425 424 0
693 363 749 424 ol:
783 361 917 424 BELLO
951 363 1074 425 olon.

329 564 474 637 nunciis
499 562 547 636 ad
573 565 915 665 Vercingetorigem
933 565 1188 664 perferunturt
1215 579 1318 662 quem
1340 584 1408 661 per·
1466 598 1472 663 p

328 683 449 754 territi
476 703 604 752 omnes
621 683 779 754 Aruerni
799 685 1081 755 circumsistunt
1099 688 1210 778 atque
1230 679 1409 766 obsecrant,
1467 674 1472 693 '

328 802 374 868 ut
401 797 475 868 suis
503 795 660 869 fortunis
686 797 883 889 consulat,
910 823 983 870 neu
1008 823 1047 870 se
1075 798 1121 870 ab
1149 796 1310 868 hostibus
1326 793 1410 891 diripi

329 915 513 1013 patiatur;
540 917 756 1013 praesertim
776 935 892 1012 quum
921 915 1066 1004 videat,
1093 936 1204 986 omne
1230 913 1325 985 adse
1349 910 1411 982 bel·

328 1030 407 1105 lum
436 1030 671 1106 translatum.
726 1033 898 1124 Quorum
931 1031 991 1104 ille
1025 1030 1198 1130 precibus
1228 1034 1412 1128 permotus,

329 1156 452 1224 castra
478 1173 523 1223 ex
550 1147 779 1247 Biturigibus
806 1153 935 1220 movet
961 1149 998 1220 in
1020 1149 1208 1220 Aruernos
1236 1171 1365 1219 versus.

379 1287 416 1360 9.
442 1265 494 1338 At
521 1263 681 1358 Caesar,
710 1261 866 1336 biduum
891 1265 929 1335 iu
955 1264 999 1336 iis
1016 1260 1108 1335 locis
1126 1267 1313 1349 moratus,
1337 1253 1414 1357 quod

329 1379 421 1454 haec
448 1379 493 1452 de
519 1381 823 1479 Vercingetorige
858 1403 928 1452 usu
955 1383 1113 1451 ventura
1139 1378 1308 1476 opinione
1332 1401 1415 1475 prae-

328 1501 496 1595 ceperat,
524 1521 784 1596 percenseam
811 1494 1059 1594 subplernenti
1094 1497 1349 1594 equitatusque
1371 1517 1417 1565 co·

329 1613 439 1714 gendi
467 1613 514 1686 ab
559 1615 726 1686 exercitu
761 1610 938 1698 discedit3
978 1613 1138 1684 brutum
1172 1611 1418 1684 adolescentem
1475 1683 1476 1688 ,

328 1728 373 1802 iis
399 1726 515 1826 copiis
540 1727 727 1826 praeficit3
747 1725 847 1800 huno
874 1733 1016 1816 monet,
1048 1727 1154 1798 utin
1182 1725 1300 1797 omnis
1318 1727 1418 1822 partes
1471 1688 1476 1814 l

329 1839 474 1936 equites
508 1861 622 1937 quarn
660 1839 839 1914 latissime
879 1847 1157 1942 pervagentur;
1203 1839 1369 1912 daturum
1391 1859 1419 1904 so
1475 1827 1476 1842 ³

331 1977 501 2054 operam,
528 1979 573 2030 ne
591 1955 737 2055 longius
764 1955 888 2030 triduo
909 1957 955 2028 ab
974 1959 1106 2030 rastris
1124 1955 1233 2028 absit.
1266 1953 1329 2027 His
1352 1976 1422 2024 con·

328 2073 471 2148 stitutis
488 2073 620 2162 rebus,
646 2074 720 2146 suis
738 2073 1037 2172 inopinantibus,
1056 2095 1169 2172 qnam
1188 2074 1355 2144 maximis
1371 2093 1419 2168 po·

331 2197 406 2267 test
431 2192 651 2281 itineribus,
677 2191 859 2264 Viennam
878 2191 1061 2288 pervenit.
1088 2190 1143 2263 lbi
1169 2197 1302 2264 nactus
1319 2209 1422 2260 recen·

330 2313 408 2383 tem
435 2311 671 2407 equitatum,
697 2327 810 2405 quern
836 2305 964 2380 multis
991 2313 1078 2380 ente
1103 2305 1235 2380 diebus
1260 2331 1308 2400 eo
1333 2325 1422 2403 prae·

329 2425 507 2514 miserat,
552 2445 672 2520 neque
712 2422 855 2518 diurno
873 2445 991 2519 neque
1018 2430 1203 2494 nocturno
1231 2421 1357 2495 itinere
1379 2417 1425 2488 in·

329 2543 521 2631 termisso,
548 2563 615 2640 per
632 2539 722 2613 lines
741 2539 956 2622 Aeduorum
973 2539 1012 2612 in
1028 2539 1212 2638 Lingones
1234 2533 1427 2618 contendit,

332 2659 396 2732 ubi
423 2655 517 2730 duae
542 2653 704 2754 legiones
731 2655 974 2748 hiemabant,
1005 2661 1065 2745 ut,
1091 2657 1121 2729 sl
1148 2657 1238 2754 quid
1265 2657 1370 2728 etiarn
1393 2650 1428 2722 dr

336 2793 401 2845 sua
436 2769 555 2842 salute
590 2769 636 2840 ab
681 2770 817 2842 Aeduis
851 2771 1009 2843 iniretur
1047 2772 1214 2859 consilii,
1257 2770 1429 2845 celeritate

333 2891 602 2985 praecurreret.
628 2883 684 2955 Eo
699 2871 815 2982 quum
829 2885 1073 2984 pervenisset,
1095 2884 1140 2956 ad
1161 2883 1321 2982 reliquas
1337 2881 1431 2981 legio·

335 3021 400 3071 nes
426 2999 571 3084 mittit,
598 2998 773 3097 priusque
801 3019 929 3070 omnes
956 2999 992 3072 in
1021 3021 1138 3070 unum
1163 2996 1294 3070 locurn
1318 2996 1431 3092 cogit,
1476 3010 1481 3061 r

335 3137 450 3212 quam
476 3111 520 3185 de
547 3113 624 3186 eius
651 3113 817 3185 adventu
837 3113 1013 3186 Aruernis
1033 3113 1199 3185 nuncinri
1216 3117 1349 3208 posset.
1366 3107 1432 3180 Hac

334 3255 376 3305 re
402 3231 585 3331 cognita,
610 3230 892 3329 Vercingetorix
918 3253 1045 3302 rursus
1072 3229 1108 3300 in
1135 3229 1434 3326 Bituriges'exer-
1482 3291 1483 3294 ,

338 3349 457 3420 citum
485 3347 654 3430 reducit,
682 3351 794 3443 atque
837 3345 922 3419 inde
967 3346 1155 3444 profectus
1191 3343 1433 3443 Gergoviam,

335 3462 513 3535 Boiorum
540 3460 738 3560 oppidum,
766 3483 859 3558 quos
884 3462 935 3534 ibi
953 3461 1150 3534 Helvetico
1169 3459 1311 3559 proelio
1330 3459 1435 3542 victos

371 3719 449 3772 quam
464 3661 584 3755 maritmis
597 3723 627 3774 p.
643 3707 699 3754 irin.
721 3701 767 3757 Sic
783 3699 860 3754 codd.
928 3697 1083 3764 Ciscconi03
1105 3697 1151 3752 sed
1170 3713 1230 3750 curn
1253 3699 1366 3750 varietur
1386 3689 1437 3746 scri·

339 3779 368 3823 et
384 3770 444 3850 edd.
462 3779 523 3823 ante
540 3771 676 3842 bilisium,
690 3785 805 3841 quocum
823 3787 862 3820 re·
929 3777 1007 3837 ptura
1024 3765 1102 3818 huius
1120 3764 1192 3816 vsrhi
1211 3765 1367 3886 (Gerqqnia,
1384 3762 1439 3812 Gor

340 3847 469 3893 centrores
487 3837 555 3891 mals
571 3857 631 3908 qua.
929 3845 1003 3891 rona,
1022 3841 1172 3902 reppedare,
1190 3833 1280 3900 Gorgo
1295 3851 1334 3893 ra,
1353 3831 1438 3882 Gordo-

373 3932 545 4001 (ἕρφ’-ω,
569 3929 626 3982 Βοί·
652 3948 709 3999 opp·
735 3929 862 3999 suppa,a
928 3895 989 4022 ga),
1006 3901 1118 3979 ideoque
1135 3903 1235 3952 incerte
1251 3899 1302 3962 sit,
1315 3899 1439 3973 quianon·

339 3997 430 4051 multis
448 3997 573 4066 Gergovia
600 3995 721 4048 Boiorum
727 4009 737 4062 3
755 4005 817 4047 nota
836 4003 863 4047 et
946 3987 989 4047 ‚⁸¹¹¹
1001 3967 1218 4048 definwl'JVflm
1230 3975 1277 4018 “ul
1290 3967 1353 4019 ‘lul‘
1371 3963 1438 4040 [ΜΨ

339 4061 449 4136 probata
472 4067 651 4118 Aruernorum
669 4069 706 4126 (c.
726 4071 742 4128 4
759 4072 786 4115 et
802 4060 861 4127 34).
928 4035 1047 4088 “mim
1064 4051 1180 4088 ”mmm
1197 4033 1290 4095 ”llm'
1302 4051 1348 4085 ¹¹⁰⁶
1362 4038 1439 4109 V⁰t¹¹¹⁵

340 4132 438 4184 Cellnr.
456 4132 583 4184 Inmerito
596 4141 749 4210 prospectum
763 4129 863 4182 hebent
929 4101 1058 4220 lf'mlfflr
1076 4101 1159 4208 ”Obiit
1177 4102 1209 4154 tle
1233 4101 1283 4152 hoe
1300 4093 1441 4210 minwed:

340 4197 390 4250 hoc
414 4217 511 4250 nornen
535 4198 648 4264 Scaliger
669 4198 713 4248 aln
750 4217 778 4258 e,
802 4215 863 4248 cnm
941 4180 1155 4223 ''mmmm‘’-
1170 4167 1410 4220 M·C⁰¹¹s·DA¹1V¹

341 4265 467 4334 Gergovia
492 4264 555 4318 baec
576 4265 644 4318 dicor
667 4265 701 4316 sit
743 4265 861 4322 ciorum,
929 4235 948 4288 ¹·
965 4257 987 4291 ε’
1004 4237 1038 4290 “d
1055 4255 1076 4289 ⁰·
1095 4248 1119 4302 4·
1401 4307 1402 4310 ,

341 4330 419 4384 ultera
432 4334 618 4384 Aruernorum.
633 4331 760 4382 Cloelius.
776 4332 862 4391 ldcm,
962 4345 1027 4400 quor
1043 4333 1077 4382 ibt
1087 4360 1118 4370 -
1128 4327 1311 4382 wnlooaverar.
1328 4323 1385 4378 vid.
1395 4339 1442 4372 om·

342 4399 414 4470 quod
437 4397 545 4463 Clurlio
566 4397 678 4470 placuit,
699 4399 787 4454 risum
807 4407 864 4454 erat
930 4397 996 4452 nino
1021 4415 1049 4467 r,
1073 4404 1114 4453 28.
1139 4397 1181 4450 M.
1207 4395 1262 4450 Alii
1286 4393 1355 4448 ml·
1375 4387 1441 4460 qnod
1483 4415 1484 4472 l
