3068 5260
361 377 392 432 Χ
702 339 705 346 ’
768 368 1024 434 rmrrrrro

355 573 443 661 tina
470 577 519 660 L.
559 607 593 661 r.
626 571 874 664 decentiori
907 565 1021 662 aevo
1053 567 1322 661 labefactare
1352 571 1482 660 Cae-

280 813 283 820 ,
352 707 463 797 saris
485 702 618 796 fidem
643 706 857 798 studuere
879 707 1085 830 quidam,
1106 703 1350 827 dequibus
1371 737 1481 793 non

347 838 429 930 abs
460 871 506 928 re
539 837 669 928 fuerit
696 837 916 962 quaedam
938 839 1039 931 heic
1058 858 1255 928 notasse.
1279 835 1476 926 Prodie·

352 995 419 1062 rat
434 974 480 1047 (²)
495 993 678 1062 auctore
697 977 849 1064 Davou
868 1008 951 1060 une
965 971 1164 1094 Anolyse
1182 973 1369 1092 critique
1388 973 1477 1058 des

333 1111 458 1233 scits
490 1107 729 1196 militnires
755 1107 811 1194 de
840 1109 1005 1214 Cdsor,
1033 1108 1233 1196 rocontds
1262 1141 1350 1228 par
1379 1105 1475 1194 tui-

348 1249 503 1333 mdme.
525 1245 643 1333 Huic
665 1240 896 1365 respondit
922 1247 987 1330 Du
1009 1247 1341 1347 Vaunnscounr,
1366 1241 1474 1333 Mo-

260 1381 262 1388 ’
339 1383 418 1503 jor
437 1380 497 1468 du
523 1379 739 1498 rdgiment
763 1377 1045 1494 d'irzfmrterie
1070 1375 1125 1462 de
1144 1375 1398 1496 Rovergue,
1424 1377 1473 1466 in

348 1513 696 1606 commentatae
722 1509 778 1598 de
798 1511 954 1614 Cesar,
975 1510 1227 1598 traduction
1247 1511 1475 1619 nouvelle,

346 1651 485 1739 suivie
512 1647 613 1734 d’un
638 1677 826 1733 examen
851 1643 906 1731 de
926 1641 1141 1764 l'onulyse
1166 1647 1354 1765 critique
1379 1679 1466 1766 qne

251 1761 261 1776 ⁵
347 1783 414 1869 Μ.
437 1779 594 1868 Davon
625 1810 653 1864 o
668 1778 796 1897 faite
821 1776 877 1863 de
903 1809 974 1862 ces
1005 1809 1199 1897 guerras.
1221 1779 1267 1852 (³)
1298 1778 1466 1869 Fusius

347 1909 481 2032 longe
513 1941 594 2036 per
625 1937 781 2000 omnes
815 1907 1021 1998 Caesaris
1053 1910 1398 2000 commentarios
1439 1943 1466 2000 a

344 2043 492 2166 capite
525 2039 582 2133 ad
600 2039 770 2132 calcem
799 2039 934 2131 crisin
961 2041 1162 2132 exercuit
1188 2039 1230 2130 lc
1255 2041 1465 2132 General

340 2177 496 2298 Major
527 2181 589 2263 De
619 2177 838 2266 Warrrsnr
879 2173 924 2262 in
956 2173 1169 2296 Melange
1199 2173 1255 2261 de
1286 2207 1455 2262 remar-

340 2346 444 2434 ques
469 2327 643 2399 surtont
672 2343 751 2397 sur
784 2305 924 2398 Cesar
961 2329 1003 2396 et
1033 2319 1182 2396 autres
1214 2307 1476 2399 militoires¹

340 2465 426 2534 etc.
450 2444 496 2518 (t)
534 2443 694 2531 Mirum
735 2459 804 2529 est
848 2437 1032 2548 videre,
1065 2471 1200 2563 quam
1240 2439 1350 2529 nihil
1382 2439 1461 2532 hio

341 2575 556 2665 intactum
584 2572 663 2663 reli
699 2572 826 2664 uerit.
855 2579 918 2663 lta
939 2593 1099 2696 negat,
1121 2572 1325 2662 Caesaris
1352 2602 1456 2662 esse
1523 2589 1524 2594 '

340 2695 713 2813 commentarios,
747 2707 825 2799 diu
857 2730 962 2832 post
994 2710 1093 2799 eius
1125 2709 1213 2800 fata
1241 2709 1451 2834 scriptos.

338 2843 467 2934 Ridet
498 2863 543 2934 et
575 2843 795 2965 exagitat,
824 2875 940 2968 quae
968 2843 1025 2935 de
1051 2877 1180 2936 muro
1206 2876 1347 2970 prope
1363 2852 1450 2936 Ge-

336 3013 519 3088 nevam,
541 2979 597 3071 de
624 2979 852 3072 eeleritate
869 2982 1073 3071 Caesaris
1096 2981 1142 3072 in
1167 2981 1449 3074 adducendis

245 3117 249 3124 ’
335 3111 622 3234 legionibus,
655 3114 711 3205 de
743 3114 863 3207 bello
895 3149 999 3207 curn
1017 3116 1269 3225 Ariovisto,
1290 3117 1346 3208 de
1373 3117 1451 3210 oh

336 3249 610 3371 pugnatione
628 3249 862 3368 Bibractis,
884 3251 940 3341 de
960 3253 1247 3377 expeditione
1269 3259 1313 3343 P.
1326 3258 1452 3344 Cras·

336 3384 398 3489 si,
426 3383 483 3474 de
515 3383 634 3475 bello
666 3413 770 3475 cum
793 3389 1049 3494 Germanis,
1071 3385 1129 3477 de
1161 3387 1449 3514 expeditione

334 3515 381 3604 in
411 3516 709 3623 Britanniam,
743 3517 799 3607 de
832 3515 952 3609 hello
985 3520 1030 3610 in
1063 3521 1264 3627 Nerviis,
1292 3519 1348 3610 de
1376 3553 1448 3611 ex-

332 3650 562 3774 peditione
581 3651 627 3741 in
641 3655 865 3743 Arvernos
885 3673 928 3743 et
945 3659 1221 3761 Cevennam,
1242 3653 1299 3745 de
1315 3687 1443 3780 proe-

257 3845 260 3852 ·
332 3777 392 3872 lio
424 3778 489 3873 ad*
514 3782 802 3893 Pharsalum,
832 3785 889 3876 de
922 3786 1041 3878 bello
1073 3787 1372 3880 Alexandrino
1398 3811 1443 3880 et

322 3915 578 4041 *Hispanico
602 3920 868 4013 referuntm.
892 3921 1120 4047 Iniquiora
1145 3953 1247 4016 esse
1267 3925 1446 4016 Warne·
1516 3925 1517 3928 ‘

253 2034 274 2076 Ι

368 4210 405 4272 (2)
422 4209 436 4260 ὖ
455 4208 561 4262 (ἷι-ιιὲνε
582 4225 654 4280 1779.
676 4227 714 4264 η.

365 4292 404 4352 (3)
422 4291 437 4340 ἰ
455 4287 527 4340 Paris
549 4295 618 4354 r787.
637 4295 661 4346 8.

366 4369 403 4430 (4)
421 4369 435 4418 ἢ
454 4371 579 4418 versoria
599 4373 669 4446 1783.
687 4371 712 4422 8.
