3068 5260
363 375 469 436 xv111
700 379 876 438 HENRICI
911 379 1137 440 nouwsstnr

360 577 389 651 si
422 583 503 651 tum
531 577 693 678 primum
720 581 838 654 editos
864 581 901 654 in
928 580 1051 656 lucem
1078 579 1244 656 Caesaris
1279 605 1469 656 commcn-

360 709 474 782 tarios
500 712 715 799 censuerit,
740 734 826 783 cum
853 710 1056 812 Protogum
1083 712 1266 786 scriberet
1306 713 1470 802 Hirtius,

358 863 488 936 nempe
512 844 597 936 post
614 844 774 910 mortem
792 839 970 913 Caesaris.
998 843 1077 912 lmo
1095 841 1172 916 iam
1191 847 1302 915 antea
1314 841 1353 914 in
1368 841 1467 916 clara

356 963 439 1037 tuce
466 963 575 1036 fuisse
604 971 771 1038 versatos
797 989 817 1038 e
844 965 1033 1040 Ciceronis
1051 975 1202 1042 constat
1226 971 1345 1042 Bruto
1360 970 1470 1040 :·imo

360 1119 407 1166 ex
433 1092 504 1165 hoc
530 1095 610 1191 ipso
638 1093 810 1192 Prologo.
837 1095 914 1167 lam
943 1097 1040 1168 enim
1082 1098 1256 1194 probatos
1298 1099 1466 1173 omnium

356 1222 495 1296 iudicio
521 1229 712 1312 testatur,
737 1225 813 1296 iam
838 1225 875 1296 in
895 1225 1062 1297 omnium
1077 1225 1323 1300 admiratione
1342 1226 1471 1312 fuisse,

357 1353 460 1450 quasi
488 1352 581 1426 bene
601 1351 868 1450 emendataque
895 1353 1065 1451 scriptos.
1090 1356 1175 1426 Non
1202 1377 1290 1454 ergo
1318 1353 1363 1442 de
1392 1377 1473 1442 sua,

359 1480 420 1552 sed
438 1479 482 1550 de
502 1477 669 1550 Caesaris
696 1480 856 1552 editione
881 1479 1047 1577 loquitur
1072 1481 1241 1570 Hirtius,
1269 1501 1356 1554 cum
1384 1480 1473 1552 illud

358 1603 530 1677 editionis
570 1603 767 1680 ‘consilium
801 1609 1000 1707 agnoscit,
1041 1613 1186 1679 tantum
1229 1630 1274 1679 ne
1318 1605 1474 1678 scientia

358 1741 548 1809 tantarum
563 1761 687 1810 rerum
703 1735 945 1835 scriptoribus
962 1736 1114 1810 deesset.
1142 1737 1368 1836 Exprimunt
1384 1737 1473 1810 haec

358 1864 474 1938 verba
498 1864 664 1938 Caesaris
689 1867 815 1964 potius
842 1864 887 1937 de
913 1867 987 1939 suis
1021 1867 1168 1966 scriptis
1203 1869 1347 1968 agentis
1373 1844 1472 1940 'mo-

358 1989 544 2080 destiam,
570 2015 685 2088 quam
702 1992 814 2065 Hirtii
830 1991 874 2065 de
894 1993 1021 2068 iisdem
1042 1993 1340 2068 admirationem.
1368 1996 1473 2068 Idem

357 2119 504 2218 Prologi
532 2125 666 2194 auctor
690 2127 881 2196 moissime
904 2124 1114 2220 imperfecto
1139 2123 1183 2196 ob
1208 2123 1312 2197 retus
1345 2109 1467 2222 'gestes

355 2248 601 2324 Alexandreae
625 2250 675 2324 ud
686 2245 807 2344 finem
832 2257 923 2326 vitoe
948 2252 1112 2326 Caesaris
1137 2276 1177 2325 se
1201 2249 1399 2346 corfircisse
1419 2259 1470 2324 te·

357 2391 492 2458 statur.
535 2383 694 2457 Proinde
725 2383 801 2457 iam
835 2407 908 2456 una
944 2407 1032 2457 cum
1057 2382 1217 2484 Prologo
1244 2382 1358 2456 libros
1384 2409 1469 2458 suos

354 2521 429 2594 iam
456 2519 604 2620 penitus
631 2517 823 2592 confectos
849 2515 894 2588 de
921 2516 1016 2590 bello
1044 2517 1324 2608 Alexandrino,
1365 2519 1469 2594 Afri-

358 2677 483 2742 cano,
510 2655 644 2724 auctor
670 2646 846 2720 emiserit.
888 2647 970 2718 lrno
997 2645 1042 2718 de
1068 2645 1165 2718 bello
1194 2647 1306 2719 etiam
1334 2647 1470 2744 Hispa-

355 2787 467 2873 nico,
498 2802 727 2880 qoamquam
744 2774 841 2849 illius
867 2775 905 2848 in
932 2773 1092 2876 Prologo
1122 2799 1194 2846 non
1236 2777 1468 2866 maminot,

358 2907 459 3010 quod
486 2905 714 3008 praedictam
742 2903 951 3004 epocham,
978 2927 1072 3001 quae
1100 2903 1145 2976 ad
1173 2903 1339 2977 Caesaris
1366 2929 1464 2978 mor·

356 3040 435 3108 tem
456 3055 571 3128 usquc
584 3031 781 3131 pertingit,
803 3031 874 3103 hoc
894 3055 1041 3128 quoque
1060 3027 1201 3103 bellurn
1219 3033 1469 3106 antecesserit.

357 3305 507 3380 Librum
532 3307 648 3379 Hirtii
671 3308 715 3380 de
739 3308 824 3380 dello
852 3307 1027 3402 Africano
1053 3309 1176 3379 multis
1199 3320 1281 3405 post
1307 3307 1470 3380 Hirtium

485 3443 615 3512 seculis
632 3439 855 3537 interpolavit
881 3439 996 3510 Iulius
1006 3439 1175 3534 sortasse
1208 3437 1343 3512 Celsus.

409 3667 460 3740 Et
486 3673 632 3756 tamen,
657 3670 805 3766 praeter
831 3668 1022 3757 Hirtium,
1040 3665 1154 3739 alium
1189 3663 1321 3738 saltem
1357 3663 1471 3735 fuisse

361 3803 489 3872 censet
514 3803 665 3888 noster,
693 3797 756 3894 qui
783 3797 948 3868 Caesaris
976 3797 1114 3895 scripta
1141 3795 1188 3868 ad
1203 3793 1367 3867 eiusdem
1387 3817 1472 3866 cae-

365 3927 448 4001 dem
476 3928 714 4028 supplcverit.
755 3929 813 4000 lta
838 3932 939 3998 certe
974 3924 1170 4023 loquitur,
1208 3923 1312 4020 quasi
1339 3921 1471 3996 saltem

363 4081 439 4130 uno
466 4055 589 4155 plores
615 4057 688 4129 hoo
713 4055 813 4129 idem
852 4049 1019 4127 officium
1045 4051 1311 4152 praestiterint.
1366 4051 1471 4142 Quo·

364 4209 452 4258 nam
478 4200 569 4257 vero
595 4184 632 4257 id
660 4191 772 4284 pacto
799 4205 931 4255 verum
959 4206 1036 4254 esse
1064 4181 1206 4280 potuit,
1224 4177 1403 4278 siquidem
1424 4175 1469 4248 ad

354 4318 473 4414 ipsam
499 4311 663 4386 Caesaris
686 4309 839 4385 caedem
864 4335 922 4384 res
947 4317 1070 4410 gestas
1095 4307 1260 4381 Caesaris
1286 4301 1470 4404 perduxe-
