2986 5268
1044 413 1139 558 289

316 443 393 510 rra.
429 443 499 512 vn.
535 450 627 513 cn.
666 421 840 548 68·-pr.

76 665 134 738 70.
161 641 283 748 Oper'e
309 651 505 743 instituto,
547 651 591 725 fit
617 661 787 750 equestre
822 654 1003 754 proelium
1031 659 1069 732 in
1096 681 1141 734 ea

24 762 195 863 planitie,
213 789 324 863 quam
340 769 588 841 intermissam
602 769 758 844 collibus
776 773 828 844 111
843 771 943 846 milia
964 800 1141 873 passuum

24 881 59 949 in
78 879 347 981 longitudinem
364 889 515 980 patere,
534 908 644 982 supra
664 884 1014 962 demonstravimus.
1033 893 1143 962 Sum·

25 1011 84 1070 ma
116 1001 153 1070 vi
180 999 227 1071 ab
246 1002 415 1098 utrisque
431 1001 684 1073 contenditur.
710 1001 984 1078 Laborantibus
1005 1009 1142 1081 nostris

24 1117 162 1215 Caesar
186 1119 393 1192 Germanos
427 1117 615 1191 submittit
640 1117 875 1218 legionesque
911 1147 978 1222 pro
1006 1127 1142 1198 castris

25 1235 249 1323 coustituit,
280 1259 325 1306 ne
361 1257 434 1332 qua
469 1232 593 1305 subito
619 1234 783 1332 inruptio
810 1235 856 1308 ab
885 1237 1049 1309 bostium
1075 1265 1144 1338 pe-

25 1344 145 1418 ditatu
172 1347 250 1421 fiat.
276 1347 464 1421 Praesidio
490 1349 697 1446 Legionum
727 1348 876 1436 addito,
904 1353 1040 1423 nostris
1067 1357 1144 1427 aui·

23 1481 108 1531 mus
135 1467 311 1562 augetur:
331 1463 455 1535 hostes
473 1463 511 1534 in
532 1463 658 1561 fugam
678 1464 864 1553 coniecti,
890 1489 928 1536 se
954 1465 1023 1564 ipsi
1043 1467 1145 1538 mul-

24 1578 182 1651 titudine
207 1581 400 1680 inpediunt
427 1587 539 1677 atque
567 1581 842 1679 angustioribus
861 1584 978 1681 portis
1004 1583 1143 1659 relictis

26 1699 256 1766 coartantur.
284 1697 384 1766 Turn
414 1695 592 1768 Germani
621 1697 743 1768 acrius
763 1721 878 1792 usque
898 1697 942 1768 ad
966 1701 1145 1774 munitio·
1225 1731 1229 1741 ·

26 1827 86 1876 nes
116 1814 334 1904 sequuntur.
360 1810 421 1881 Fit
448 1829 584 1910 magna
602 1808 757 1883 caedes:
786 1811 975 1901 nonnulli,
1001 1812 1144 1889 relictis

27 1922 149 2018 equis,
176 1929 312 1994 fossam
338 1925 495 1996 transire
518 1932 556 1997 et
574 1926 775 1998 maceriam
794 1926 1059 1999 transcendere
1078 1953 1146 2000 co-

27 2041 175 2108 nantur.
202 2035 372 2110 Paullum
399 2036 562 2138 legiones
597 2039 766 2128 Caesar,
808 2063 899 2137 quas
942 2063 1009 2139 pro
1043 2041 1145 2115 vallo

28 2149 299 2234 constituerat,
326 2155 538 2250 promoveri
565 2153 681 2226 iubet.
708 2155 793 2226 Non
820 2156 967 2243 miuus,
995 2156 1057 2252 qui
1086 2156 1146 2228 in-

27 2267 84 2334 tra
114 2265 339 2338 munitiones
364 2275 491 2351 erant,
520 2267 615 2341 Galli
643 2269 934 2368 perturbantur;
963 2270 1078 2341 veniri
1098 2269 1146 2342 ad

28 2407 63 2453 se
90 2379 290 2458 confestim
317 2385 605 2475 existimantes,
639 2384 686 2456 ad
727 2405 829 2456 arma
870 2383 1144 2473 correlamant3

29 2499 193 2573 nonnulli
212 2501 399 2599 perterriti
417 2503 454 2574 iu
482 2499 660 2600 oppidum
686 2502 918 2599 inrumpunt.
944 2503 1147 2601 Vercinge-
1216 2547 1221 2560 κ

27 2618 127 2688 torix
146 2622 271 2714 portas
288 2616 393 2690 iubet
411 2615 560 2707 claudi,
578 2641 623 2689 ne
642 2622 764 2689 castra
783 2615 987 2689 nudentur.
1011 2617 1145 2691 Multis

30 2730 261 2820 interfectis,
287 2729 542 2828 compluribus
567 2731 672 2828 equis
699 2733 845 2827 captis,
871 2731 1048 2804 Germani
1067 2757 1147 2805 sese

30 2845 232 2943 recipiunt.
1147 2907 1151 2916 .

82 2985 144 3055 7¹·
170 2961 481 3063 Vercingetorix,
506 2963 721 3062 priusquam
748 2962 974 3036 munitiones
1000 2963 1047 3036 ab
1074 2965 1149 3036 Ro-

33 3079 151 3150 manis
178 3077 442 3176 perficiantur,
468 3077 666 3150 consilium
694 3080 820 3176 capit,
859 3101 1008 3150 omnem
1037 3077 1088 3156 ab¹
1110 3103 1149 3150 se
1244 3165 1257 3192 ν

34 3193 244 3290 equitatum
271 3199 389 3268 noctu
415 3191 614 3267 dimittere.
657 3192 942 3265 Discedentibus
968 3191 1148 3279 mandat,
1259 3181 1269 3187 “

34 3326 72 3381 ut
97 3335 203 3381 suam
228 3314 377 3407 quisque
401 3329 523 3381 eorum
556 3312 735 3385 civitatem
772 3307 896 3394 adeat,
938 3331 1151 3410 qinnesquc,

68 3713 240 3762 intermissam
255 3705 372 3770 collibus,
390 3699 504 3764 mediam
522 3710 561 3762 in·

38 3786 74 3828 ter
85 3778 177 3839 colles,
189 3795 296 3830 vanum
308 3777 389 3838 colle,
399 3796 452 3828 uon
466 3785 561 3829 tectam

36 3845 101 3896 colle
117 3845 215 3916 aliquo.
232 3845 273 3898 Cf.
290 3864 313 3899 c.
335 3863 373 3910 17.
394 3848 433 3896 M.

69 3941 116 3994 Ill
131 3941 205 3992 notia
218 3957 290 4010 pass.
316 3938 373 3992 Alii
389 3941 486 3990 milium
503 3937 559 3992 scil.
593 3997 608 4005 ,

37 4011 160 4079 spatium.

70 4093 96 4138 in
113 4087 303 4158 largitudinem.
330 4085 434 4138 Desunt
451 4085 513 4138 hacc
530 4087 559 4138 in

39 4155 112 4207 codd.
130 4155 277 4220 nonnullis,

71 4263 173 4322 angust.
192 4256 277 4320 portis
294 4251 400 4304 relictis:
425 4251 485 4320 qnia
507 4267 561 4302 non

39 4321 91 4371 nisi
106 4327 197 4389 portae
213 4327 334 4386 angustae
347 4318 461 4386 reliquae
473 4325 561 4377 erant,

73 4405 87 4438 r
114 4404 177 4456 quas
206 4387 344 4438 intrarent.
371 4387 415 4438 Sic
440 4387 563 4454 esposuit

81 4452 249 4530 dendorpius.
283 4451 338 4528 Qui
354 4453 470 4520 relictum
488 4462 563 4536 puta·

141 4549 298 4624 cassia.
326 4541 522 4623 Commeat.
561 4551 671 4621 Tom.
698 4551 727 4620 l.

626 3717 688 3762 r'unt
710 3728 764 3762 esse
784 3705 925 3772 desertum,
942 3709 971 3762 hi
993 3702 1084 3763 tollara
1106 3729 1152 3764 vo·

626 3778 735 3830 luerunt
759 3780 867 3838 relictis,
885 3779 933 3830 etsi
959 3777 1035 3838 codd.
1061 3796 1152 3832 ornnes

627 3844 735 3898 babent.
770 3847 807 3896 M.
844 3848 956 3898 lllaiores
974 3856 1065 3916 portae
1084 3848 1153 3898 fossa
1269 3887 1271 3896 ,

627 3923 655 3966 et
671 3915 783 3968 maceria
800 3913 947 3966 obstructae
964 3915 1043 3966 luisse
1061 3913 1152 3965 videu-
1263 3937 1270 3960 ι

628 3989 680 4033 tur.
1105 3994 1109 4001 ·

660 4075 819 4114 coartantur.
870 4061 913 4114 At.
949 4074 1153 4125 coacervantur,

627 4147 690 4200 quae
708 4140 748 4181 est
764 4131 955 4199 interpretatio.
972 4129 1015 4180 M.

662 4224 741 4270 veniri
758 4221 793 4270 ad
810 4238 845 4270 re.
863 4220 907 4272 Sic
925 4217 1055 4272 Phaedrus
1073 4236 1096 4278 r,
1112 4235 1153 4272 21.

637 4303 639 4306 ⁵
660 4315 791 4366 eonsilium
804 4343 835 4354 -
846 4315 982 4365 dimittere.
1000 4315 1047 4368 sic
1064 4315 1154 4386 Nepos

628 4383 745 4436 Hannib.
771 4383 810 4438 13.
834 4394 930 4451 tempus
947 4385 1040 4455 jecere
1058 4383 1153 4455 Jirarrn.

628 4451 695 4505 Vide
713 4459 741 4504 ct
757 4451 829 4504 iufra
846 4457 874 4514 8,
892 4459 932 4514 44.

914 4547 1159 4621 Oo‘
