3068 5260
345 303 408 400 38
453 327 458 338 ·
709 331 765 393 nn
800 291 936 392 sunno
971 330 1095 398 canu.

342 536 465 614 blirae
500 559 578 612 esse
610 515 878 612 arllitrabalur.
909 532 1110 609 Paullatim
1142 537 1268 610 autem
1304 530 1472 610 Germa·

343 637 419 730 nos¹
446 677 687 730 consuescere
721 653 898 731 Rhenum
924 652 1112 742 transire,
1153 657 1192 727 et
1232 655 1271 725 in
1298 651 1472 726 Galliam

343 793 523 872 magnam
557 791 688 842 eorum
719 765 1005 842 multitudinem
1036 767 1187 856 venire,
1217 767 1363 868 Populo
1392 770 1473 840 Ro·

341 909 458 962 mano
501 882 751 984 periculosum
799 881 978 960 videbat:
1024 905 1143 982 neque
1183 881 1252 954 sibi
1284 883 1472 956 -homines

342 999 442 1078 seros
468 1025 511 1073 sc
539 998 718 1074 barbaros
744 1003 1023 1098 temperaturos
1057 995 1324 1086 existimabat,
1349 997 1475 1095 quin,

343 1139 461 1213 quum
489 1136 639 1188 ornnem
666 1109 827 1208 Galliam
842 1117 1117 1212 occupassent,
1143 1113 1188 1186 ut
1209 1115 1296 1180 ante
1322 1107 1471 1182 (imbri

342 1228 582 1327 Teutonique
608 1226 815 1312 fecissent,
847 1227 886 1300 in
911 1227 1150 1301 Provinciam
1178 1225 1324 1298 exirent
1350 1228 1471 1320 atque

341 1345 429 1422 inde
454 1347 494 1421 in
520 1343 669 1420 ltaliam
696 1343 992 1432 contenderent;
1018 1344 1237 1444 praesertim
1265 1365 1383 1441 quum
1402 1345 1472 1415 Se·

342 1485 489 1563 quanos
506 1487 528 1534 a
544 1459 744 1536 Provincia
769 1465 897 1534 nostra
924 1459 1127 1534 Rhodanus
1154 1457 1350 1534 divideret.
1373 1461 1472 1552 Qni-

342 1577 415 1652 bus
441 1577 553 1651 rebus
579 1599 694 1674 quam
724 1575 946 1650 maturrime
978 1573 1250 1649 occurrendum
1291 1572 1470 1670 putabat.

344 1696 428 1794 Ipse
455 1699 584 1766 autem
610 1690 823 1768 Ariovistus
848 1695 976 1764 tantos
1002 1690 1070 1764 sibi
1098 1691 1277 1790 spiritus,
1314 1696 1470 1763 tantam

344 1810 607 1911 adrogantiam
642 1811 851 1898 sumserat,
877 1812 921 1880 ur
947 1803 1119 1880 ferendus
1144 1833 1219 1882 non
1245 1807 1453 1882 videretur.

397 1931 460 2018 34.
490 1925 745 2021 Quamobrem
780 1921 923 2023 placuit
952 1923 1022 2014 ei,
1057 1930 1100 1999 ut
1136 1927 1183 2000 ad
1227 1928 1468 2000 Ariovistum

344 2044 490 2144 legatos
504 2043 701 2130 mitteret,
727 2037 790 2136 qui
817 2039 924 2113 abeo
942 2037 1202 2138 postularent,
1228 2041 1286 2116 uti
1301 2039 1471 2140 aliquem

343 2157 476 2234 locum
507 2154 671 2229 medium
706 2154 903 2252 utriusque
929 2152 1130 2252 conloquio
1157 2153 1327 2228 diceret:
1367 2153 1470 2227 velle

344 2297 426 2348 sese
466 2269 511 2344 de
547 2268 738 2368 republica
763 2275 801 2342 et
826 2268 982 2342 summis
1017 2270 1212 2367 utriusque
1237 2268 1348 2344 rebus
1374 2293 1470 2342 cum

346 2415 392 2465 eo
433 2412 553 2488 agere.
592 2387 637 2459 Ei
677 2383 873 2482 Legationi
923 2383 1134 2458 Ariovistus
1171 2385 1385 2486 respondit:
1430 2384 1473 2458 Si

346 2505 436 2606 quid
460 2507 533 2603 ipsi
555 2528 580 2574 o
606 2499 758 2574 Caesare
791 2523 881 2594 opus
910 2513 1028 2589 esset,
1061 2525 1140 2574 resa
1165 2498 1217 2574 od
1238 2525 1320 2574 erun
1346 2514 1473 2580 ventu,

346 2645 432 2694 rum
443 2617 596 2713 fuisse,-
622 2619 658 2686 sr'
681 2612 771 2711 quid
792 2613 851 2686 ille
876 2637 916 2687 se
941 2614 1049 2704 velit,
1082 2615 1185 2686 illum
1209 2613 1260 2688 od
1282 2638 1321 2688 se
1347 2618 1471 2690 venire

347 2743 520 2829 oportere.
538 2727 729 2801 Praetereo
753 2752 792 2800 se
816 2751 928 2826 neque
944 2730 1022 2802 sine
1046 2732 1207 2802 exercitu
1229 2731 1270 2801 in
1294 2751 1355 2801 eus
1377 2754 1473 2824 par-

348 2861 402 2922 tes
438 2845 574 2916 Galliae
612 2847 730 2916 verrire
768 2843 925 2930 audere,
954 2867 1045 2942 quus
1084 2842 1218 2916 Caesar
1249 2841 1472 2943 possideret,-

292 3021 301 3028 .
348 2982 462 3058 neproe
494 2961 691 3032 exereitwn
715 2960 793 3032 sine
817 2979 949 3058 magno
975 2973 1173 3036 commeatu
1206 2971 1312 3058 utque
1345 2957 1472 3032 emoli-

382 3183 580 3252 prmpworuror.
597 3167 632 3222 al.
645 3169 873 3240 obtemperaturos.
939 3167 1060 3250 aliquid,
1073 3177 1100 3223 et
1110 3170 1301 3250 emolimentum
1314 3170 1372 3242 ipse
1384 3168 1472 3224 labor.

349 3247 668 3374 mgismdllloed'rutonique.
682 3304 777 3357 Vollel·
787 3320 817 3384 ξ,
833 3321 873 3358 12.
909 3237 1471 3380 qudlddndlrdqllil'llenrlrletndlntilnldhzletlurd:

349 3372 685 3443 Florus-3,3.Entrop.5,
700 3389 720 3422 1.
737 3372 822 3426 Tacrt.
839 3373 873 3423 u.
939 3374 1112 3425 emolimento.
1136 3373 1169 3424 lu
1194 3373 1270 3426 codd·
1291 3381 1382 3425 autem
1406 3372 1436 3424 h.
1453 3373 1472 3425 l.

349 3443 424 3507 md.
433 3450 460 3493 ot
472 3441 562 3497 Germ.
572 3439 612 3506 37.
622 3439 720 3490 Callon.
728 3437 768 3491 De
776 3442 874 3492 caussis
938 3449 1093 3493 constanter
1111 3439 1207 3510 legitur
1229 3439 1409 3492 emulumento.
1431 3441 1472 3494 Aa

350 3507 417 3570 loelli
440 3507 468 3560 lr.
495 3505 514 3560 l.
534 3507 747 3570 commemoratis
759 3505 812 3559 rid.
839 3505 874 3562 ad
962 3517 1039 3559 ntaut
1056 3505 1176 3580 plerique
1195 3509 1374 3579 interpretas,
1395 3525 1472 3557 enro-

349 3596 374 3632 c.
382 3575 423 3628 35.
432 3575 475 3628 Μ.
969 3587 1081 3626 mennam
1093 3585 1121 3628 et
1131 3575 1321 3627 amolimeutrun
1333 3593 1389 3626 uon
1410 3593 1471 3626 rna-

383 3631 732 3714 kgator.Al.legirtum.Alii
743 3641 874 3694 omittunt
940 3643 979 3712 gis
995 3641 1117 3702 differre,
1133 3661 1217 3715 quam
1233 3653 1425 3696 monumentum
1443 3649 1471 3693 et

346 3707 401 3768 huo
420 3709 532 3764 verbum
544 3729 551 3760 r
569 3719 596 3762 et
614 3719 703 3782 potest
721 3709 820 3764 omitti.
830 3708 876 3764 M·
942 3714 1140 3772 momentana,
1151 3719 1178 3763 et
1189 3729 1251 3765 eum
1262 3709 1470 3764 emolimentum

350 3787 383 3830 ut
394 3777 425 3830 C.
436 3795 451 3828 2
459 3815 467 3840 ‚
480 3795 527 3840 ao,
539 3777 580 3842 37.
943 3777 1031 3852 primo
1050 3775 1180 3847 significet
1198 3776 1366 3830 molitionem
1382 3784 1410 3827 et
1421 3796 1469 3828 su-

383 3845 487 3897 dr'reret.
507 3843 628 3898 Aliidslr'
715 3883 724 3908 ‚
745 3860 814 3915 quae
836 3851 878 3897 ert
943 3844 1273 3924 saeptionarmsippnifieare
1283 3843 1469 3906 deindeetiam

349 3909 542 4030 iuterprsrtatio.
556 3912 599 3966 M.
637 3913 655 3965 l.
668 3913 752 3968 Gran.
767 3911 801 3965 ad
817 3911 876 3966 Liv.
942 3911 1069 4030 ellectfnrn
1082 3912 1235 4032 rnolitsFrpnip1
1235 3951 1244 3974 ,
1258 3913 1406 3982 profectum
1415 3921 1469 3990 ,ιι-

350 3994 568 4124 ”einoldum
589 4045 700 4108 labore,
725 4065 813 4118 opera.
838 4043 879 4102 Ut
943 3989 1142 4099 qldbolulllllllis
1154 3987 1469 4099 etitamadlditlrildslelldllell

349 4129 425 4164 emm
441 4117 503 4165 eniri
526 4123 585 4174 est,
608 4113 718 4168 nitendo
737 4115 876 4192 pervenire
942 4065 998 4166 ilat.
1008 4113 1042 4166 ad
1058 4132 1089 4174 1,
1106 4130 1151 4178 17,
1174 4123 1201 4167 ot
1211 4131 1247 4166 nu
1269 4115 1363 4183 errime
1374 4111 1468 4164 llnlrn·

350 4175 461 4249 aliquo.
480 4179 521 4232 val
540 4179 642 4234 allicere
661 4179 786 4249 aliqu1d3
806 4185 876 4232 nisus
942 4179 1037 4234 leuius
1048 4179 1081 4234 ad
1094 4201 1125 4244 2,
1139 4184 1171 4246 78
1182 4183 1225 4234 ein
1258 4199 1300 4234 em
1313 4180 1466 4260 scriptoris,

350 4253 441 4298 autam
449 4244 567 4298 laborem
575 4255 602 4300 et
612 4265 720 4318 operam
729 4245 873 4318 signifieat:
942 4247 984 4302 dis
1006 4257 1124 4300 utarunt.
1144 4247 1271 4318 Exempla
1295 4247 1393 4309 rerbr,
1417 4246 1467 4300 hoe

352 4314 392 4366 siu
414 4321 455 4364 est
476 4313 602 4376 amoliri,
623 4313 757 4366 moliendo
776 4333 875 4367 conan-
941 4265 1021 4369 modo
1046 4317 1193 4388 usurpati,
1213 4317 1265 4368 inm
1284 4315 1418 4368 Gesnerus
1438 4316 1466 4368 in

351 4377 440 4457 doque
469 4381 604 4451 parvenire
635 4381 743 4452 aliquo,
772 4380 876 4438 efficere
939 4381 1175 4454 Theatratling.
1185 4381 1324 4454 diligenter
1336 4382 1466 4442 tractarit,

1278 4563 1325 4594 «Ρ

1261 4740 1268 4776 l
