3026 5264
337 349 432 472 384
651 469 655 478 Ι
699 387 755 446 uu
790 387 924 450 uenio
960 393 1083 454 cren.

334 585 478 684 busque
506 587 710 680 Graeciae,
736 591 773 662 in
802 599 1027 692 potestatem
1055 595 1234 684 haberet,
1260 603 1378 696 atque
1407 621 1454 674 err

334 709 494 800 utraque
522 711 625 802 parte
651 705 790 780 beilum
818 709 1075 785 administrare
1095 721 1238 812 posset;
1258 741 1305 786 an
1325 719 1454 814 inopia

333 825 489 894 navium
517 823 566 896 ibi
598 825 812 898 restitisset:
841 827 1080 926 veritusque,
1121 855 1166 903 ne
1202 829 1352 904 ltaliam
1395 833 1456 906 ilie

335 935 596 1010 dimittendam
626 965 699 1012 non
726 943 983 1034 existimaret,
1010 947 1132 1019 exitus
1156 947 1457 1020 administratio-

333 1079 472 1152 nesque
498 1057 708 1130 Brundisini
738 1065 868 1156 portus
895 1062 1059 1160 inpedire
1077 1063 1260 1135 instituit:
1289 1089 1457 1159 quorum

334 1193 489 1268 operum
518 1172 610 1245 haec
638 1181 720 1246 erat
744 1177 853 1246 ratio.
881 1177 961 1276 Qua
971 1177 1110 1272 fauces
1136 1191 1236 1250 erant
1263 1183 1457 1275 angustis-

334 1291 447 1361 simae
468 1277 616 1386 portus.
642 1293 751 1364 r'noles
777 1307 883 1390 atoue
908 1319 1080 1392 aggerem
1107 1293 1150 1365 ab
1178 1307 1330 1391 utraque
1352 1309 1457 1390 parte

333 1403 450 1506 litoris
483 1407 656 1496 iaciebat,
694 1409 791 1507 quod
823 1409 881 1481 lu's
914 1409 1002 1480 locis
1036 1423 1112 1483 erat
1146 1409 1317 1482 vadosum
1343 1437 1456 1484 mare.

335 1517 499 1619 longius
512 1548 748 1620 progressus,
765 1549 874 1622 qrusm
895 1549 1014 1624 agger
1026 1525 1151 1596 altiore
1169 1549 1262 1621 aqua
1280 1529 1459 1598 contineri

334 1661 404 1706 non
428 1653 567 1735 posset,
600 1654 694 1712 rates
725 1633 910 1738 duplicem
945 1665 1207 1740 qzioqzcooersus
1230 1639 1366 1736 pedum
1395 1647 1456 1712 rri-

332 1757 465 1850 gintu,
491 1781 511 1826 e
536 1759 680 1852 regione
705 1759 809 1827 molis
836 1757 1049 1828 conlocabat.
1078 1755 1157 1826 Has
1183 1759 1369 1853 quaternis
1396 1783 1457 1824 an-

336 1869 431 1939 coris
456 1894 504 1940 eo·
529 1886 681 1969 quatuor
706 1873 853 1971 angulis
874 1873 1094 1961 destinabat,
1119 1891 1163 1944 ne
1176 1867 1361 1967 flucubus
1379 1900 1456 1942 mo-

335 2000 510 2062 verentur.
567 1989 638 2061 His
667 1988 839 2087 perfectis
872 1991 1132 2086 conlocutusque
1162 1989 1254 2058 alias
1288 1987 1456 2084 deinceps

333 2107 420 2199 pari
443 2107 692 2204 magnitudine
716 2122 810 2180 rates
836 2107 1028 2205 iungebat,·
1054 2105 1121 2177 lias
1146 2119 1242 2178 terra
1265 2119 1376 2202 atque
1392 2133 1456 2204 ag·

256 2257 261 2286 ι
333 2245 424 2318 gere
439 2223 634 2322 integebat‚
659 2249 704 2297 ne
727 2224 848 2296 aditus
870 2237 976 2321 atque
1000 2227 1168 2294 incursus
1192 2221 1243 2292 ad
1265 2220 1456 2314 defenden-

336 2337 424 2414 dum
457 2343 701 2440 inpediretur.-
740 2367 763 2412 a
779 2341 911 2433 fronte
940 2355 1045 2438 atqroe
1081 2339 1126 2410 ab
1164 2352 1314 2434 utroque
1348 2339 1456 2411 latere

337 2459 495 2532 maribus
520 2485 565 2532 ac
587 2461 718 2556 pluteis
741 2455 973 2554 protegebat:
1007 2461 1045 2526 in
1071 2468 1200 2552 quarta
1226 2481 1369 2551 quaque
1396 2481 1456 2528 ea·

337 2595 421 2642 rum
447 2587 563 2645 turres
588 2573 751 2644 binorum
778 2572 1015 2644 tabulatorum
1041 2569 1238 2656 excitabat,
1266 2595 1335 2663 quo
1355 2597 1457 2641 com·

338 2687 479 2758 modius
504 2685 549 2756 ab
573 2692 694 2783 inpetu
720 2693 865 2760 nauium
890 2687 1132 2784 incendiisque
1156 2685 1372 2778 defenderet.

233 2787 235 2801 '
391 2803 452 2874 26.
478 2803 617 2874 Contra
646 2803 737 2875 haec
763 2804 961 2899 Pompeius
989 2827 1102 2874 naves
1129 2826 1283 2898 magnas
1320 2828 1455 2877 onera-

336 2915 432 3001 riaS‚
459 2937 552 3013 quas
578 2917 616 2988 in
644 2923 756 3014 portu
772 2917 995 2990 Brundisino
1016 2917 1331 3015 deprehenderat,
1349 2919 1456 2992 ador·

338 3033 466 3106 nabat.
493 3033 548 3105 lbi
574 3039 696 3106 turres
723 3057 809 3105 cum
837 3036 953 3107 ternis
980 3035 1159 3109 tabulatis
1186 3037 1355 3134 erigebat
1375 3063 1456 3110 eas·

337 3171 432 3244 que,
459 3145 586 3220 multis
613 3151 811 3222 tormentis
838 3155 876 3222 et
895 3151 993 3222 omni
1017 3175 1151 3246 genere
1171 3151 1333 3223 telorum
1353 3177 1456 3225 com·

246 3279 249 3286 '
338 3263 487 3364 pletas,
513 3265 559 3337 ad
586 3291 698 3365 opera
724 3267 890 3340 Caesaris
918 3265 1151 3364 adpellebat,
1174 3275 1218 3340 ut
1244 3275 1343 3340 rates
1378 3295 1457 3367 per-

337 3387 530 3478 rumperet
549 3387 662 3478 atqne
680 3405 791 3482 opera
807 3381 1045 3456 disturbaret.
1064 3383 1125 3456 Sic
1140 3382 1306 3480 quotidie
1323 3386 1457 3457 utrim-

373 3721 401 3772 in
410 3729 560 3790 potestatem
572 3713 683 3770 baberet.
696 3717 740 3774 Sic
751 3715 861 3775 Sallust.
964 3715 1043 3770 moles
1060 3729 1137 3788 utqrre
1154 3731 1281 3787 (regum.
1311 3708 1392 3768 bene.
1422 3715 1456 3767 sic
1496 3685 1497 3727 i

275 3837 282 3858 ,
339 3787 396 3856 lug.
415 3807 436 3840 c.
458 3805 512 3839 122.
530 3785 630 3848 Lim,
646 3799 683 3851 ις.
697 3789 752 3840 Cic.
767 3787 862 3840 Manil.
931 3793 957 3838 et
974 3807 996 3839 c.
1015 3793 1055 3839 28.
1073 3796 1100 3836 et.
1125 3786 1219 3836 (Inesse
1243 3782 1316 3852 apud
1342 3783 1400 3836 Cic.
1426 3783 1457 3832 ad

337 3873 363 3910 e.
386 3872 423 3906 η.
447 3853 514 3908 Geli.
537 3871 562 3911 r,
582 3873 605 3919 7.
631 3853 690 3905 Lir.
713 3857 793 3908 etiam
816 3875 863 3916 22,
930 3855 1099 3921 Attio-pat..
1114 3849 1366 3918 Nrcobstst‚quod
1380 3867 1456 3924 agger
1495 3905 1496 3912 ἵ

337 3927 382 3975 25.
410 3925 437 3971 in
464 3923 603 3972 custodiam
631 3921 752 3973 liabiturn.
784 3923 862 3976 Cous.
931 3923 960 3972 in
977 3921 1102 3990 singntari
1120 3921 1246 3986 iungatur.
1268 3916 1308 3968 Ita
1327 3925 1353 3966 et
1372 3917 1407 3968 G.
1425 3917 1456 3975 b,
1495 3927 1496 3949 ¹

338 3987 475 4054 Berpcrde
490 3999 544 4040 nat.
563 3987 667 4057 pulerit.
686 3999 749 4042 orat.
768 4011 794 4060 p.
806 3999 863 4054 4⁰7·
935 4006 972 4040 η.
998 3997 1025 4039 et.
1051 3989 1147 4040 Lucan.
1166 4005 1196 4047 2,
1214 3989 1264 4036 sto
1280 3993 1308 4034 et
1326 3985 1385 4044 678.

337 4055 372 4108 Iu
384 4055 506 4108 omnibus
519 4057 577 4108 istis
589 4055 710 4108 Ciarkius
721 4057 754 4112 ad
766 4057 811 4110 As.
822 4073 862 4124 47.
963 4060 1097 4106 contineri.
1115 4059 1173 4118 An,
1190 4047 1355 4103 concinerari?
1368 4060 1396 4102 ct
1410 4049 1456 4100 hoc

338 4123 475 4176 subaudiri
492 4129 624 4174 aestumat
648 4125 789 4187 redantwn,
808 4138 863 4176 tra·
931 4124 979 4179 sit.
996 4123 1106 4174 ulterius
1124 4121 1244 4192 produci.
1266 4119 1308 4170 M.
1333 4116 1382 4170 Nil
1399 4135 1456 4168 mu·
1494 4141 1495 4171 i

338 4191 581 4259 ‹tinamanneprrm
592 4191 693 4244 vettate
722 4194 781 4255 uid,
788 4191 863 4312 guo}
931 4189 1050 4242 tendum.
1069 4191 1167 4242 Sensus
1186 4187 1289 4257 pienns.

337 4256 407 4309 mihi
425 4275 531 4327 prorsus
549 4255 643 4328 placet.
661 4260 694 4312 Vi
715 4270 772 4314 eet
963 4253 1341 4372 destinabat.vlid.1nd.·dbl;1
1384 4317 1426 4370 pr,
1493 4277 1494 4290 ¹

337 4337 565 4444 ἰοιθιὲἰηιὶηἰήναῑιό
588 4405 691 4459 pontu,
714 4409 776 4448 cum
801 4393 862 4462 quis
930 4324 1308 4467 Beiiiigiiiiitioiiigiiisiue
1326 4356 1392 4440 dtr·
1408 4335 1455 4437 rii-⁸
1493 4359 1494 4393 t

340 4455 423 4510 utimr
438 4468 534 4527 portu,
549 4467 580 4510 ut
596 4458 662 4515 ruit.
679 4459 723 4514 M.
930 4465 1090 4510 cessitatem.
