2986 5268
322 331 417 433 288

688 359 742 430 un
780 361 914 430 auito
949 363 1071 432 cent.

322 572 513 668 equitatu,
542 593 616 668 qua
634 573 795 644 maxime
822 577 928 672 parte
960 573 1147 644 exercitus
1179 566 1441 658 confidebant,

322 695 429 759 erant
446 685 562 786 pulsi,
580 685 803 759 adhortatus
833 686 881 759 ad
899 685 1067 760 laborem
1088 685 1247 776 milites,
1274 683 1437 758 Alesiam

322 801 607 876 circumvallare
634 804 808 876 instituit.

372 921 434 1016 69.
461 917 585 1018 Ipsum
602 935 679 992 erut
696 918 868 1018 oppidum
892 924 932 991 in
947 921 1035 994 colle
1059 945 1218 1006 emmo,
1247 917 1440 992 admodum

299 1039 412 1132 ,edito
438 1040 539 1127 loco,
565 1051 628 1124 ut,
662 1041 736 1108 nisi
759 1036 963 1127 obsidione,
989 1041 1196 1135 expugnari
1229 1062 1337 1134 posse
1371 1064 1438 1108 non

320 1159 508 1234 videretur.
537 1159 652 1228 Curias
683 1153 783 1226 codis
804 1153 947 1226 radices
965 1149 1037 1224 duo
1053 1154 1191 1226 dnobus
1216 1155 1439 1252 expertibus

307 1271 473 1372 flumina
493 1269 712 1345 subluebont.
743 1273 837 1346 Ante
852 1270 894 1343 id
916 1271 1085 1370 oppidum
1107 1273 1274 1368 planities
1299 1277 1440 1344 circiter

320 1389 422 1462 milio
452 1410 627 1487 passuum·
658 1383 719 1456 III
748 1391 786 1457 in
817 1386 1077 1484 longitudinem
1099 1387 1264 1488 potebat.-
1295 1389 1439 1486 reliquis

320 1534 369 1582 ex
393 1508 555 1580 omnibus
581 1503 744 1602 portibus
768 1503 894 1592 colles,
920 1503 1093 1578 mediocri
1106 1511 1288 1579 interiecto
1310 1513 1440 1600 spatio,

317 1626 403 1722 pori
412 1618 611 1694 altitudime
610 1619 795 1716 finagio,
808 1617 980 1716 oppidum
993 1619 1197 1717 cingebant.
1223 1617 1302 1691 Sub
1318 1643 1439 1708 muro,

321 1759 416 1834 quae
442 1761 527 1834 pars
553 1733 657 1806 collis
684 1731 730 1804 ad
760 1733 942 1806 orientem
961 1731 1079 1806 solem
1103 1731 1317 1832 spectabat,
1338 1731 1439 1806 hunc

322 1873 472 1925 omnem
499 1848 625 1921 locum
661 1847 790 1944 copiae
826 1846 1020 1920 Gallorum
1055 1846 1337 1948 compleverant
1364 1849 1442 1921 fos-

320 1989 474 2063 samque
498 1971 537 2037 et
563 1963 763 2036 maceriam
782 1987 846 2036 sex
861 1965 899 2034 in
918 1963 1154 2037 altitudinem
1173 1963 1310 2063 pedum
1331 1989 1441 2063 prae-

323 2081 520 2154 duxerant.
546 2081 635 2151 Eios
661 2081 893 2164 munitionis,
924 2103 1018 2176 quae
1045 2081 1092 2152 ab
1117 2081 1296 2152 Romanis
1329 2079 1442 2150 insti-

322 2199 525 2286 tuebatur,
543 2195 722 2268 circuitus
740 2196 792 2267 XI
813 2193 958 2266 milium
977 2219 1150 2292 passuum
1174 2193 1337 2268 tenebat.
1369 2191 1443 2262 Ga-

323 2321 401 2388 stra
419 2311 739 2412 obportunislocis
757 2315 862 2382 erant
877 2311 995 2406 posita
1010 2310 1133 2406 ibique
1151 2303 1302 2381 castella
1315 2307 1442 2380 XXIII

323 2429 441 2514 factm
468 2429 602 2525 quibus
628 2427 666 2498 in
693 2423 854 2498 castellis
880 2423 1041 2496 interdiu
1066 2423 1244 2496 stationes
1271 2419 1444 2518 dispone-

322 2545 489 2633 bantur,
515 2568 560 2615 ne
593 2567 667 2640 qua
693 2544 817 2614 subito
843 2542 990 2638 eruptio
1016 2537 1146 2612 tieret:
1191 2537 1281 2610 haec
1309 2535 1444 2608 eadem

325 2663 443 2730 noctu
469 2655 749 2728 excubitoribus
776 2681 820 2728 as
847 2655 961 2727 firmis
988 2652 1177 2754 praesidiis
1203 2653 1446 2726 tenebantur.

357 2863 426 2932 quod
439 2863 553 2930 equitatu
566 2868 615 2912 etc.
631 2858 687 2912 Alii
698 2859 769 2928 quod
780 2863 850 2929 epm·

324 2941 410 2990 meus,
436 2947 486 2997 qun
516 2933 629 2980 aramma
651 2941 729 2997 parte
744 2957 775 2965 -
791 2940 850 2978 erat

321 2999 411 3068 pulsus
437 2995 476 3048 vel
494 2997 564 3067 quod
581 3001 710 3065 equitatu,
728 3013 780 3063 quo
795 2996 850 3047 mul

269 3097 275 3109 ι
324 3072 397 3182 sirleto
410 3073 488 3136 parte
511 3085 555 3114 en.
578 3063 755 3139 confidebant,
775 3073 851 3114 crant

341 3154 356 3184 n
369 3155 399 3184 si.

322 3151 472 3254 pAtsstam
488 3206 602 3252 cr'narmv.
620 3203 700 3252 instit.
741 3199 781 3250 De
802 3197 850 3249 hoc

324 3261 397 3330 loco,
422 3287 503 3348 quem
527 3267 651 3337 equidem
680 3277 788 3338 propter
814 3266 850 3316 rei

324 3335 448 3390 militans
479 3336 670 3402 ignorationem
700 3351 754 3386 non
785 3335 849 3384 satis

325 3402 459 3474 Intelligo,
485 3421 570 3473 neque
596 3401 724 3471 ssplicare
750 3401 847 3460 audeo,

324 3477 430 3522 exstant
447 3470 514 3521 dnae
530 3469 725 3537 dIsputationes
750 3467 850 3519 doetis-

324 3539 385 3590 simi
399 3537 503 3595 militis,
516 3535 675 3590 Guischardi
687 3555 733 3588 seu
751 3533 849 3604 Quinti

324 3605 394 3656 Icilii
413 3605 564 3666 (Mimoires
587 3603 725 3655 militaires
744 3621 790 3654 snr
812 3601 849 3654 les

325 3671 404 3726 Grecs
421 3681 448 3724 et
465 3671 502 3724 los
520 3673 654 3726 Romaim.
670 3673 701 3722 T.
718 3691 738 3723 r.
753 3689 777 3739 p.
793 3673 850 3731 282,

325 3739 371 3792 'ubi
388 3741 443 3792 suis
460 3737 547 3792 verbis
564 3757 665 3808 suoque
687 3737 765 3789 modo
784 3735 849 3788 lianc

325 3825 432 3858 omnem
449 3805 565 3858 Caesaris
582 3807 759 3858 narrationem
781 3823 849 3873 repe-

325 3874 378 3926 tiit.
402 3873 468 3925 Item
490 3873 630 3926 Mimoires
652 3893 697 3926 sur
721 3871 849 3941 plusieurs

325 3943 416 4012 points
433 3941 604 4011 d'antiquitbs
621 3939 766 3993 mititaires.
780 3939 810 3989 Τ.
825 3949 847 4002 t..

327 4026 353 4078 p.
375 4013 428 4064 131.
448 4007 495 4060 ulii
514 4009 590 4078 plura
607 4007 734 4061 subtilius
747 4016 773 4058 et
786 4005 850 4057 ube-

326 4077 380 4126 rius
394 4075 570 4144 explicat).1n
584 4075 665 4126 altero
682 4073 751 4127 libro
769 4075 850 4125 etiam

326 4141 417 4193 tabula
435 4151 487 4203 est,
505 4143 651 4196 obsidionis
668 4141 849 4194 adumbratio-

326 4226 388 4259 nem
404 4207 544 4262 extribens:
559 4211 628 4262 unde
645 4209 687 4262 rel
705 4211 797 4279 periti,
810 4203 850 4258 vel
953 4249 959 4260 .

326 4273 479 4336 diligentius
497 4295 551 4328 rem
575 4296 728 4344 cognoscere
745 4288 772 4328 et
788 4294 850 4330 curu
884 4331 888 4338 ἱ

326 4341 431 4393 Folardi
449 4341 490 4393 dits
511 4341 684 4398 uisitionibus
698 4363 849 4414 comparare

326 4404 463 4472 volentes,
485 4361 563 4480 lbere
587 4409 690 4466 haurire
713 4421 858 4484 poterunt,

916 2858 1004 2910 Etiam
1016 2857 1124 2926 Lipsiirs
1140 2855 1260 2920 (Poliorc-
1276 2875 1304 2917 α,
1316 2861 1341 2920 2)
1355 2856 1448 2909 locum

916 2925 988 2979 hunc
1005 2933 1155 2998 [ierssuutus
1173 2933 1219 2976 est.
1251 2925 1316 2976 Item
1333 2943 1449 2978 omnem

916 2993 1069 3046 Plutarchus
1083 2995 1125 3058 (in¹
1138 2993 1211 3045 Cassi
1222 3011 1245 3044 c.
1262 2996 1309 3056 27)
1327 2991 1450 3046 breviter

917 3065 1040 3114 narravit.
1058 3063 1184 3114 Orosium
1195 3063 1219 3124 (6
1226 3099 1235 3122 ,
1255 3067 1295 3122 rr)
1307 3063 1449 3122 conferre,

917 3127 1450 3265 libiliiidiiiffliididiii-i

918 3269 990 3319 lorus
1009 3265 1101 3316 Dionis
1119 3261 1203 3315 Cassii
1222 3269 1277 3326 (to,
1293 3267 1334 3330 39.
1352 3269 1396 3327 40)
1412 3265 1449 3316 ad

917 3353 973 3388 rem
985 3329 1182 3400 intelligendam
1196 3331 1304 3392 suflicit,
1316 3331 1367 3383 nisi
1382 3333 1450 3382 Car-

917 3406 981 3456 saris
999 3401 1112 3453 inarratio
1132 3399 1212 3450 suerit
1228 3398 1260 3450 ad
1279 3417 1384 3450 manus.
1401 3403 1448 3450 M.

949 3466 1249 3538 duoflumtna,1.ntoss
1261 3476 1288 3518 et
1300 3465 1391 3519 Osera.
1405 3469 1449 3516 M.

950 3541 984 3590 nd
1002 3541 1125 3588 orientem
1142 3531 1229 3585 solens.
1264 3533 1303 3584 Ex
1322 3533 1399 3586 codd.
1419 3545 1448 3586 et

917 3605 976 3658 edd.
995 3604 1117 3654 Davisius
1134 3603 1251 3654 restituit
1263 3603 1356 3664 solem,
1371 3603 1447 3672 quod

916 3673 996 3738 vulgo
1013 3672 1147 3722 omissum.

949 3739 1053 3792 msretta
1064 3735 1166 3791 XXIII.
1179 3733 1447 3806 Cdsore'tablitvingt·

917 3813 982 3858 trois
1005 3809 1120 3856 restantes
1139 3805 1238 3876 pilades
1269 3806 1301 3856 de
1328 3807 1446 3856 immin-e

916 3895 948 3925 en
969 3876 1081 3926 distanoe
1101 3885 1196 3924 mitam·
1211 3873 1243 3922 de
1257 3875 1288 3923 ta
1304 3885 1445 3943 montagioe

916 3961 965 4010 qne
993 3941 1030 3991 les
1061 3953 1162 4006 rioirpes
1188 3941 1219 3990 dc
1245 3941 1440 4010 Vercingetorix

916 4013 1017 4062 avaient
1034 4009 1142 4074 ample.
1160 4007 1338 4060 Guisehardus
1356 4009 1402 4073 (Γ.
1421 4017 1444 4069 4.

917 4095 943 4148 p.
959 4075 1014 4138 137.
1032 4084 1059 4126 et
1076 4075 1189 4126 ostense
1206 4073 1252 4127 des
1266 4077 1349 4127 Mem.
1363 4073 1444 4125 milit.

916 4163 952 4263 pi!
969 4146 1036 4213 495).
1059 4141 1137 4196 Cous·
1160 4143 1192 4195 de
1214 4141 1241 4194 Β.
1265 4143 1323 4195 civ.
1347 4142 1378 4202 3,
1402 4141 1443 4204 43.

950 4298 981 4329 ne
998 4297 1049 4347 qua
1065 4279 1118 4329 sub.
1135 4281 1233 4346 eruptio
1243 4279 1271 4350 s
1299 4276 1388 4345 vulgo
1405 4280 1444 4324 ἰη-

917 4351 1010 4409 rupn'o.
1042 4348 1167 4398 Restituit
1183 4345 1271 4400 locum
1288 4345 1411 4400 Davisius
1428 4359 1442 4392 c

916 4411 994 4477 codd.
1013 4423 1040 4472 n
1056 4413 1121 4468 edd.
1138 4423 1204 4468 vett.
