3000 5268
368 379 464 436 210

732 377 787 436 DE
823 380 955 438 BELLO
991 383 1111 442 GALL.

419 607 479 654 oo.
518 583 617 683 Quae
641 585 800 656 civitates
824 585 1043 658 commodius
1069 566 1172 656 suom
1198 583 1452 681 rempublicam

363 700 615 790 administrare
645 705 922 791 existimantur,
953 701 1082 774 liesbern
1114 702 1250 800 legibus
1286 717 1452 784 sanetus,

364 817 494 910 siquis
511 813 657 912 quidde
675 813 871 911 republica
894 841 918 884 o
933 811 1118 910 fiin'tunn‘s
1141 841 1284 890 runaore
1308 843 1349 887 oc
1360 815 1453 908 jorna

362 931 559 1027 occeperit,
575 931 631 998 uti
653 928 703 998 nd
724 931 980 1024 magistratum
1004 929 1163 1018 deserat,
1190 953 1274 1004 nene
1300 953 1453 1022 curnem

362 1043 432 1114 clio
451 1047 705 1116 communicet:
724 1044 821 1142 quod
834 1047 937 1143 saepe
963 1035 1124 1116 horisines
1151 1049 1354 1116 temerarios
1369 1057 1455 1154 rapae

360 1162 530 1254 inperitos
541 1159 661 1254 salsis
687 1159 888 1232 rumoribus
915 1165 1043 1234 terreri
1058 1174 1092 1232 et
1113 1159 1163 1232 cd
1172 1161 1332 1254 facinus
1356 1158 1457 1254 inpetti

296 1358 299 1366 Ι
361 1285 395 1344 et
424 1273 468 1345 de
497 1277 648 1346 susannis
680 1273 783 1346 retnis
813 1277 1000 1346 consilium
1032 1299 1157 1370 capere
1190 1277 1373 1370 rogantina
1404 1283 1454 1340 est.

361 1389 624 1486 Magistratus,
651 1413 741 1485 ornae
767 1393 843 1463 nisa
867 1403 973 1478 sunt,
998 1390 1189 1498 occultant:
1218 1413 1374 1486 quaeque
1395 1411 1454 1458 esse

357 1525 406 1572 ex
430 1527 500 1572 usu
524 1501 777 1586 indicaverint,
803 1505 1027 1578 multitiuilni
1046 1501 1213 1600 produnt.
1265 1501 1320 1574 De
1345 1527 1381 1572 re
1399 1525 1455 1596 pu·

358 1613 452 1686 blico
477 1617 551 1684 nisi
571 1638 636 1706 per
662 1618 853 1688 concilium
879 1619 976 1716 loqui
999 1643 1068 1688 non
1094 1616 1313 1688 conceditur.

412 1751 472 1796 21.
526 1726 694 1800 Gernmni
732 1731 884 1803 inuitum
923 1733 967 1802 ab
1009 1731 1077 1804 hnc
1122 1728 1372 1802 consuetudine
1394 1721 1455 1816 dff-

343 1840 512 1937 serum:
563 1871 647 1916 num
697 1871 808 1945 neque
854 1847 1009 1938 Drin'des
1058 1847 1219 1936 ἧιιὸειιι,
1263 1851 1326 1944 qni
1370 1843 1455 1916 rebus

380 2135 489 2198 utctque
512 2125 562 2180 ista
585 2126 672 2180 verber
691 2133 769 2180 etiem
785 2129 883 2180 aninm-

359 2145 396 2249 iia
411 2222 442 2234 -
456 2199 634 2248 cremabuntur·
656 2215 710 2248 esse
732 2196 882 2262 glossatoris

358 2269 385 2312 et
396 2263 563 2330 potissimam
575 2263 719 2314 dictionem
730 2283 806 2330 snpra
817 2263 883 2314 hanc

358 2336 506 2381 memoriani
525 2332 621 2400 pingue
644 2331 771 2401 quiddam
790 2340 817 2382 et
839 2333 883 2383 mi·

357 2413 406 2447 nus
424 2400 519 2450 tritum
536 2400 643 2467 spirare.

391 2491 524 2555 inperitos.
559 2487 602 2538 Al.
620 2490 752 2553 inpeditos.
770 2489 787 2539 i.
805 2509 828 2540 c.
847 2487 882 2540 ob

358 2558 460 2620 negotia
479 2573 532 2606 aean
550 2555 721 2607 adtendentes
742 2556 775 2606 ad
798 2573 883 2608 rumo-

358 2637 427 2684 rem3
445 2615 491 2672 sed
507 2617 574 2671 bene
593 2619 673 2671 habet
690 2621 830 2690 virigatnm.

389 2729 435 2779 per
452 2715 591 2766 concilient.
608 2725 638 2766 ut
651 2733 698 2784 per·
714 2729 822 2788 tenipus,
832 2735 881 2784 pet·

358 2778 473 2832 Inarimen.

392 2881 472 2931 neque
490 2863 600 2914 Doridos
617 2864 717 2915 liabent.
740 2865 821 2918 Unice
841 2875 880 2919 te-

359 2929 475 2981 nendum
497 2939 548 2988 est,
567 2931 702 2983 Caesarem
723 2934 834 2987 Druidas
852 2935 881 2986 fi-

357 2997 416 3048 nita
434 2995 511 3066 plan'e
529 3000 716 3068 significatione
734 3001 832 3062 dicere,
853 3003 877 3052 Ιι.

358 3081 380 3114 e.
405 3061 525 3116 homines
546 3067 647 3117 ordinis
668 3069 747 3130 certi,
771 3073 881 3120 aaartoii-

357 3131 420 3182 tatis
445 3142 545 3193 certae,
573 3143 602 3184 ut
627 3133 760 3186 nobilibus
789 3156 879 3205 pares,

356 3197 440 3266 iisqne
465 3199 528 3252 adeo
552 3203 696 3270 superiores
721 3204 793 3264 sint,
817 3205 880 3256 iuris

356 3267 433 3326 certi,
458 3272 657 3337 occupationum
679 3278 820 3330 certarum,
837 3271 880 3323 di-

358 3332 484 3400 sciplinae
496 3343 522 3386 et
534 3336 703 3404 professionis
722 3345 819 3398 certae,
837 3357 880 3392 no·

357 3397 530 3461 ministerii,
549 3400 657 3472 (quippe
673 3403 786 3454 Druidae
807 3403 879 3456 ‹iice-

357 3459 462 3531 hantur)
480 3482 532 3519 nne
549 3465 638 3528 verbo,
657 3467 778 3522 homines
802 3471 879 3534 tales,

357 3533 445 3602 qiialos
467 3535 554 3604 paullo
577 3547 639 3588 arne
655 3553 676 3588 c.
698 3533 727 3589 13
745 3547 770 3588 et
791 3549 819 3602 ¹4
837 3538 879 3589 de·

356 3601 503 3670 scripserat.
521 3603 550 3655 si
566 3621 625 3670 ergo
643 3603 878 3657 Caesarh.1.scri-

357 3669 464 3734 psisset:
490 3669 614 3720 Germani
638 3670 748 3720 Druides
771 3671 876 3724 lrabeat:

355 3733 516 3803 praebuisset
531 3739 693 3789 occasionem
707 3741 787 3789 errori
795 3754 801 3804 ς
817 3759 878 3792 iiam

356 3797 467 3852 militat
483 3801 565 3855 lector
588 3806 724 3871 cogitasset
746 3805 779 3858 de
801 3807 879 3860 Drui-

356 3819 433 3919 ‹iihus
451 3867 517 3929 iltis,
536 3870 568 3922 de
586 3871 678 3950 quibus
695 3882 771 3925 antea
790 3893 877 3927 saorra-

355 3939 411 3984 tnm
430 3946 492 3988 erat.
516 3940 599 4010 Atqui
616 3940 741 3992 Germani
779 3944 877 3995 rosceto

354 4019 409 4051 non
421 3999 566 4056 holmerunt
577 4005 703 4068 Druides,
716 4029 724 4058 ι
743 3959 803 4060 inies
814 4011 877 4061 Caie-

355 4087 397 4118 sar
413 4079 489 4122 antea
507 4071 686 4141 descripserat.
735 4095 817 4128 ecesse
835 4078 878 4146 igi-

356 4141 397 4186 tnr
420 4148 475 4196 est,
501 4140 551 4190 nisi
582 4140 660 4209 plane
684 4141 794 4195 velimus
823 4163 876 4194 esse

355 4201 453 4271 iniqui,
470 4213 499 4256 ut
516 4207 594 4260 verbu
616 4208 734 4260 Caesaris
751 4211 787 4260 sir,
804 4209 877 4260 intel·

354 4267 475 4336 ligamus:
490 4287 543 4324 non
557 4295 611 4326 esse
629 4273 657 4326 in
675 4276 818 4328 Germania
835 4297 876 4346 ge-

353 4351 402 4386 nus
420 4336 572 4400 inominum,
585 4343 632 4419 qui
645 4341 710 4396 dicti
727 4345 781 4394 sint
798 4341 877 4395 Deni-

353 4401 412 4462 des,
439 4406 484 4474 qni
511 4407 666 4478 simpliciter
694 4413 798 4482 possint
823 4410 876 4464 dici

951 2125 1081 2189 Druides,
1098 2135 1126 2180 et
1141 2129 1214 2180 omni
1233 2147 1264 2179 ex
1283 2137 1355 2199 parte
1371 2123 1456 2198 Dnddi·

952 2195 1012 2254 bus,
1037 2195 1177 2248 deseriitis
1202 2215 1296 2266 supra,
1320 2210 1455 2266 comparari.

950 2265 1003 2316 Sed
1031 2283 1120 2334 perenn
1135 2263 1153 2312 ti
1179 2262 1251 2312 seirat
1274 2281 1305 2313 ex
1328 2268 1456 2334 composito

950 2331 1206 2394 dinannensium
1224 2349 1335 2389 errasse,
1347 2328 1400 2398 epeia
1416 2326 1428 2374 'i
1435 2345 1455 2374 a·

949 2401 1015 2450 citus
1034 2397 1173 2460 (German.
1190 2415 1211 2446 c.
1228 2415 1252 2460 7.
1270 2413 1307 2446 ιο.
1327 2399 1368 2457 ιι)
1385 2411 1455 2444 sacer-

949 2467 1024 2518 dotes
1052 2469 1245 2518 Genuanornm
1276 2468 1453 2514 commemorat.

950 2535 1144 2584 Commemorat
1161 2546 1238 2594 sane:
1256 2549 1292 2580 an
1309 2548 1366 2580 vero
1381 2545 1453 2578 saeer-

949 2601 1039 2662 dotes,
1065 2601 1151 2670 qnaies
1180 2599 1287 2649 't'acims
1315 2596 1452 2670 descripsit,

949 2668 1020 2722 illico
1049 2678 1111 2718 sunt
1139 2665 1219 2718 iidem
1229 2705 1236 2726 ,
1267 2665 1313 2734 qni
1340 2660 1453 2716 litandae,

984 2737 1036 2786 ales
1058 2735 1153 2786 Caesar
1174 2729 1363 2801 descripserat?
1378 2729 1453 2780 Sacer·

968 2813 1022 2854 ntes
1040 2803 1245 2863 Germanarum,
1264 2808 1294 2852 ut
1310 2817 1361 2850 uno
1379 2812 1454 2870 exem·

970 2869 994 2920 Ιο
1011 2878 1083 2930 riter,
1100 2867 1176 2920 battis
1199 2868 1374 2917 interfuerunt
1390 2863 1453 2924 (tae.

948 2889 1072 2988 german.
1085 2955 1141 3005 cap.
1156 2940 1190 2997 7);
1206 2933 1320 2984 Druidae
1333 2929 1452 2984 (iulius-an

947 3003 1039 3056 abdiu
1050 3005 1171 3056 afuerunt
1180 3003 1265 3066 (Caes.
1275 3018 1350 3072 snpra
1359 3007 1452 3068 capte:

948 3079 974 3120 et
992 3069 1041 3123 ltoe
1058 3069 1147 3121 aliesse
1165 3069 1179 3121 ii
1196 3067 1267 3119 beno
1284 3067 1373 3119 differt
1389 3083 1402 3113 a
1417 3079 1454 3111 nn·

947 3137 1020 3189 litiae
1038 3140 1187 3195 vacatione,
1199 3136 1292 3216 siquis
1309 3133 1392 3186 laicum
1403 3132 1454 3178 (ζι-

947 3208 1011 3257 saris
1029 3207 1182 3276 inspexerit.
1233 3201 1387 3277 bacerdeites·
1403 3203 1453 3270 trer-

948 3291 1084 3323 arianorum
1103 3274 1131 3324 in
1148 3270 1264 3322 comitiis
1282 3275 1364 3330 (nuri,
1382 3269 1452 3338 irupiut

947 3339 1053 3390 'tacitus
1069 3359 1092 3391 c.
1114 3357 1150 3400 ιι,
1168 3337 1193 3390 lo
1213 3353 1276 3386 utus
1294 3332 1327 3382 de
1343 3332 1453 3406 comitia)

947 3408 1083 3460 co'e'rcendi
1107 3407 1145 3456 ins
1170 3401 1203 3453 ha
1241 3408 1332 3464 enmt3
1354 3395 1453 3471 Druidae

946 3473 1083 3528 Gallorum·
1094 3471 1190 3524 iudices
1204 3472 1363 3540 privatoriae
1376 3461 1454 3583 pphti·

945 3559 1080 3610 carumqm
1096 3545 1241 3592 umssnrmt
1255 3538 1375 3594 suerunt(
1390 3533 1395 3550 ¹
1410 3546 1454 3602 esar

946 3629 968 3661 c.
989 3607 1038 3672 ¹3),
1055 3606 1124 3678 quod
1141 3605 1210 3676 apud
1227 3605 1371 3680 Germanos
1387 3599 1453 3648 Ριιιι·

945 3679 1033 3745 cipum
1052 3677 1091 3728 ins
1111 3675 1260 3736 suit((1aes.
1279 3689 1300 3722 c.
1320 3671 1386 3729 m).
1417 3665 1453 3740 At

945 3763 1002 3807 ereo
1020 3743 1165 3795 sacerdotes
1188 3739 1227 3790 itii
1250 3745 1311 3792 sunt
1333 3735 1407 3814 piane
1421 3749 1453 3782 si-

945 3809 1019 3860 miles
1027 3807 1202 3862 Druidarum?
1213 3799 1396 3879 Libentissime
1404 3815 1451 3875 ergo

945 3876 1080 3930 subscribo
1103 3875 1249 3928 sententiae
1274 3873 1395 3923 Mascovn
1412 3871 1451 3928 (ln

944 3943 1037 3996 histor.
1055 3941 1236 3998 Germandib.
1251 3957 1273 3990 a.
1287 3937 1312 4016 fi
1325 3936 1363 3986 36.
1374 3954 1398 4004 p.
1408 3936 1451 3992 50),

962 4012 989 4062 ui
1006 4011 1146 4064 Germanis
1164 4010 1241 4060 seinse
1259 4003 1362 4075 qiiidem
1381 4015 1452 4073 sacer*

943 4029 1019 4130 iiotes
1029 4075 1163 4140 concedit3
1171 4076 1218 4128 sed
1228 4091 1272 4126 eos
1284 4090 1331 4122 nec
1344 4067 1449 4144 hanniae

944 4164 1053 4209 nometi,
1072 4163 1118 4196 nec
1140 4141 1299 4204 doctrinam,
1318 4155 1365 4216 pec
1384 4141 1450 4206 nati·

945 4221 999 4263 tuta
1025 4211 1202 4272 Druidarum,
1225 4213 1345 4286 anoscit.
1384 4199 1449 4282 sLte

943 4279 1075 4330 Ditlnnari
1094 4281 1163 4332 notis
1181 4281 1213 4331 ad
1232 4270 1448 4350 'incitnmdp't'ssh

941 4363 962 4395 c.
982 4349 1006 4406 7)
1025 4345 1117 4404 didici,
1136 4345 1204 4397 idem
1224 4345 1306 4396 visum
1320 4348 1357 4392 est
1370 4338 1448 4414 Esaias

942 4411 1106 4466 Putendortio
1119 4423 1143 4466 et
1156 4407 1374 4470 Scliardleischio.
1389 4411 1447 4459 bert·
