3026 5264
364 341 458 440 326
534 421 538 428 .
725 375 781 438 m:
818 377 951 438 nunno
986 380 1107 438 cnon.

362 582 484 654 essent
510 575 685 648 insecuti:
704 577 891 674 perterriti
910 601 984 650 non
1001 575 1122 650 solum
1141 576 1185 661 ii,
1202 576 1264 676 qui
1284 581 1344 650 aut
1359 599 1442 649 com·

361 697 487 768 minus
513 695 846 792 obprimebantur,
884 701 951 768 ant
978 695 1122 768 eminus
1149 693 1444 780 vulnerabantur,

361 811 426 884 sed
454 811 584 898 etiam,
610 810 673 907 qni
699 808 845 910 longius
870 809 1064 884 subsidiari
1083 815 1365 898 consueverant,
1381 816 1444 880 tnr-

361 927 458 1022 pitcr
484 923 727 1022 rel'ugeront3
769 949 836 998 nec
863 927 964 1024 prius
990 924 1102 998 finem
1130 926 1237 1025 fugae
1272 925 1445 1007 fecerunt,

361 1065 470 1140 saepe
497 1041 639 1114 amissis
665 1041 915 1139 superioribus
942 1041 1054 1132 locis,
1078 1069 1190 1140 quam
1209 1069 1248 1117 se
1266 1048 1331 1114 aut
1347 1043 1381 1112 in
1396 1067 1445 1112 ca-

361 1167 438 1234 stra
465 1182 618 1232 suorum
644 1159 872 1255 reciperent,
891 1167 957 1230 aut
971 1161 1149 1233 nonnullo
1166 1161 1306 1259 pudore
1322 1158 1447 1245 coacti,

359 1277 508 1377 longios
534 1275 784 1374 profugerent.
812 1275 982 1364 Quorum
1012 1273 1177 1372 periculo
1194 1277 1248 1350 sic
1268 1299 1388 1348 omnes
1402 1299 1447 1345 co

360 1395 443 1493 piae
470 1398 557 1465 sunt
585 1390 841 1489 perturbatae,
869 1395 910 1462 ut
930 1391 994 1464 vix
1011 1391 1167 1464 iudicari
1185 1400 1326 1492 posset,
1346 1399 1449 1464 ulrum
1483 1483 1484 1490 ἵ

361 1511 532 1584 secundis
572 1505 736 1606 parvulis
775 1504 886 1578 rebus
921 1505 1201 1599 insolentiores,
1236 1536 1286 1584 an
1312 1509 1450 1584 adversis

361 1624 610 1696 mediocribus
637 1620 842 1694 timidiores
869 1627 1003 1694 essent.

416 1742 472 1824 14.
499 1735 760 1834 Compluribus
788 1733 915 1806 diebus
942 1735 1125 1823 iisdemin
1145 1737 1278 1810 castris
1294 1759 1450 1810 consum·

360 1853 427 1939 tis,
455 1877 571 1949 quum
600 1852 750 1950 propius
776 1853 971 1924 accessisse
999 1851 1160 1950 legiones
1191 1859 1231 1926 et
1256 1855 1299 1927 C.
1326 1854 1450 1928 Trebo-

360 1967 464 2036 nium
491 1967 675 2064 Legatum
696 1969 983 2064 cognovissent:
1011 1967 1142 2040 Duces.
1160 1965 1452 2052 Bellovacorum,

360 2080 471 2151 veriti
498 2080 653 2152 similem
674 2079 919 2152 obsessionem
939 2080 1105 2166 Alesiae,
1138 2087 1254 2152 noctu
1279 2080 1451 2152 dimittunt

359 2221 436 2283 eos,
450 2204 618 2294 quosaut
637 2205 759 2270 aetate
775 2203 841 2268 aut
856 2195 994 2268 viribus
1009 2195 1218 2286 inlerioreS,
1233 2203 1302 2270 aut
1316 2200 1452 2274 inermes

359 2309 572 2400 lralwbant,
591 2336 736 2408 unaque
748 2303 896 2407 ¹reliqua
914 2311 1176 2408 inpedimenta.
1202 2313 1372 2402 Quorum
1391 2333 1452 2408 per-

359 2429 554 2508 turbatum
574 2436 612 2502 et
629 2428 825 2500 confusum
845 2426 933 2500 dum
956 2426 1143 2526 explicant
1159 2453 1315 2526 agmen,
1337 2453 1452 2526 magna

361 2550 458 2619 enim
486 2547 691 2619 multitudo
710 2569 903 2617 carrorum
922 2545 1033 2616 etiam
1054 2547 1245 2644 expeditos
1264 2551 1366 2645 sequi
1386 2545 1454 2619 Gal·

357 2660 417 2736 los
437 2665 652 2752 consuevit,
667 2663 828 2760 obpressi
858 2660 960 2748 loce,
986 2662 1101 2758 copiis
1128 2669 1362 2734 armatorum
1393 2662 1454 2731 vias

358 2762 428 2876 pro
455 2781 530 2852 suis
557 2763 748 2852 instruunt
767 2777 921 2864 castris,
942 2801 987 2848 ne
1007 2779 1106 2874 prius
1124 2781 1282 2852 Romani
1306 2779 1456 2880 persequi
1483 2859 1484 2870 2

359 2917 398 2962 se
423 2893 648 2991 inciperent,
675 2917 788 2989 quam
814 2890 961 2992 longius
979 2917 1112 2992 agmen
1132 2895 1456 2992 inpedimentorum
1483 2955 1484 2958 ,

358 3033 512 3084 suorum
531 3013 778 3109 processisset.
806 3011 856 3081 At
875 3008 1010 3080 Caesar
1029 3033 1146 3106 neque
1166 3013 1379 3086 resistentes
1403 3009 1456 3082 ad·

358 3125 602 3224 grediundos,
628 3150 747 3222 neque
774 3122 948 3196 cedentes
966 3129 1073 3198 tanto
1092 3124 1195 3196 collis
1215 3127 1393 3200 adscensu
1412 3123 1456 3194 la·

359 3239 553 3314 cessendos
578 3225 792 3325 iudicabat&
836 3260 956 3333 neque
983 3261 1057 3314 uon
1085 3261 1202 3336 usque
1238 3265 1281 3314 co
1308 3241 1456 3340 legiones

386 3466 494 3534 pridem.
531 3467 574 3534 Sic
601 3465 680 3520 MSS.
708 3466 760 3518 lore
778 3483 879 3518 omnes.
944 3465 1002 3518 dice
1019 3464 1084 3520 lrnec
1100 3465 1177 3520 verba
1196 3466 1259 3535 legi,
1277 3465 1411 3518 Mnnrrtins
1435 3469 1455 3514 el

355 3529 442 3598 Bnnc,
466 3543 497 3584 ut
519 3544 546 3585 ct
572 3533 779 3604 Oudendorpius
804 3534 878 3586 vidit.
944 3533 1097 3586 Ciacconius
1111 3547 1285 3598 mounernut3
1300 3533 1415 3604 plerique
1426 3540 1455 3580 te·

356 3599 400 3650 M.
425 3599 510 3670 Vulgo
525 3619 631 3670 pavore.
944 3619 1005 3652 men
1028 3601 1101 3669 apud
1128 3600 1251 3652 Onclenel.
1275 3603 1454 3654 consentiunt.

385 3669 512 3742 parvolis.
540 3670 585 3720 Sic
594 3679 644 3720 tres
656 3666 734 3720 codd.
746 3677 813 3720 antt.
827 3669 880 3722 Sed
945 3669 997 3722 uisi
1014 3669 1085 3738 quod
1102 3673 1129 3719 in
1148 3667 1247 3720 babent
1260 3667 1318 3721 loco
1333 3687 1389 3734 pro.
1407 3667 1455 3715 l’er-

356 3731 415 3792 slri,
437 3741 463 3784 ct
486 3735 538 3804 ipsi
563 3737 626 3786 satis
652 3735 732 3796 boni,
757 3739 877 3786 minimis.
945 3737 1053 3852 antirpra
1072 3753 1159 3790 rursus
1178 3737 1205 3786 iu
1223 3733 1329 3787 duobus
1347 3735 1420 3786 bonis
1430 3731 1455 3781 li·

355 3799 419 3850 blox
431 3802 543 3852 adversis
556 3803 719 3853 niediocritus
735 3801 813 3854 iidem
828 3813 878 3854 tres
944 3801 998 3854 bris
1027 3803 1093 3854 ectio
1115 3812 1172 3854 est:
1198 3807 1277 3868 copiis
1306 3815 1455 3852 armatorum

354 3867 454 3919 codices
460 3883 469 3932 3
494 3867 604 3939 reliqui,
632 3871 739 3922 adverso
758 3871 878 3921 ntedincn'
943 3883 1088 3933 cassinium
1104 3874 1157 3920 vias
1169 3873 1310 3919 instruunt:
1328 3887 1407 3943 quum
1419 3864 1453 3916 ad·

354 3951 424 3984 casn.
450 3933 511 3986 Non
531 3945 610 4006 puto,
635 3937 663 3988 in
688 3935 786 3988 talibus
808 3947 878 3988 cerlo
944 3938 1046 4004 scripsi,
1066 3935 1088 3986 si
1106 3937 1163 4012 (pris
1182 3935 1244 3988 inde
1261 3935 1454 4004 aliquideroerr

354 3999 458 4052 deliniri
485 4021 577 4072 posse,
602 4011 661 4056 utra
687 4003 764 4056 lectio
793 4005 877 4060 verior
944 4007 1035 4072 pinsit.
1056 3999 1454 4071 Equnlemeamsnultismodln

355 4069 400 4120 sit.
428 4068 465 4116 M.
943 4069 989 4122 scd
1009 4073 1103 4124 l'nrstrn
1122 4069 1230 4120 tentavi.
1248 4071 1289 4120 M.
1315 4069 1407 4122 Reccn
1425 4065 1454 4114 le·

388 4135 877 4210 erpodiros,sineinpedimcntis.Ergo
942 4139 1071 4194 ctionem,
1099 4155 1178 4205 (prom
1204 4135 1312 4191 exhibet
1338 4087 1404 4188 Onll.
1431 4134 1454 4184 iu

354 4217 424 4252 nnuc
441 4209 514 4254 tauto
539 4204 621 4256 maior
645 4223 775 4256 carrorum
800 4207 876 4282 copia
945 4205 1087 4272 posteriorc
1106 4203 1230 4256 editione.
1257 4205 1453 4256 [floccorum

354 4275 423 4326 “³²³
441 4270 502 4337 quin
526 4271 708 4340 inpedimenta
726 4273 753 4323 ln
771 4289 874 4338 ugrnmc
940 4276 1031 4338 copiis,
1050 4289 1082 4322 ne
1100 4271 1147 4322 bas
1165 4281 1292 4339 occupent
1310 4269 1426 4320 llonmni.

353 4343 436 4394 biaut.
456 4336 494 4384 M.
974 4338 1142 4390 lacessendos.
1179 4339 1237 4390 Aur
1255 4337 1303 4390 boc
1320 4334 1452 4388 delendum

384 4405 470 4468 copim
487 4429 520 4442 -·
535 4409 633 4455 astris.
659 4403 705 4458 sic
723 4403 751 4456 in
762 4421 817 4456 uno
829 4421 872 4456 co·
940 4415 993 4467 ost,
1011 4414 1055 4460 aut
1071 4413 1147 4458 autea
1162 4399 1452 4474 adgrediundustlnllos
