3026 5264
347 370 429 434 un.
462 371 548 432 vnn
581 371 674 431 cnr.
709 338 886 432 20-23.
987 402 989 408 ·
1065 335 1158 432 333

57 579 160 663 runt,
186 569 330 648 obsides
356 574 571 648 conficiunt.
605 575 846 651 Concurrunt
861 572 1088 673 reliquarum
1106 575 1164 648 ci-

57 692 226 764 vitatium
261 688 400 789 legati,
429 715 523 788 quae
553 690 840 764 Bellovacorum
872 689 1164 790 speculabantur

59 813 243 879 eventum.
283 805 439 878 Obsides
465 803 588 895 darlt,·
607 807 788 904 imperata
813 803 978 894 faciunt,
1006 811 1165 900 excepto

57 919 249 1007 Commio,
276 941 386 1016 quem
414 919 528 992 timor
554 919 796 1018 prohibebat,
825 920 1046 1016 cuiusquam
1080 918 1167 990 fidei

57 1056 160 1104 suam
187 1035 425 1104 committere
451 1032 633 1106 salutem·
673 1033 771 1106 Nam
797 1034 986 1132 superiore
1004 1053 1101 1104 asino
1120 1034 1166 1105 T.

57 1148 261 1236 Labienus,
291 1147 448 1220 Caesare
488 1148 526 1220 in
559 1147 679 1222 Gallia
705 1151 877 1224 citeriore
904 1151 962 1224 ius
989 1149 1168 1239 dicente,

58 1283 171 1356 quum
198 1261 412 1334 Commium
439 1265 681 1362 comperisset
707 1262 906 1338 sollicitare
929 1267 1104 1338 civitates
1129 1267 1171 1336 et

59 1379 351 1452 coniurationem
383 1385 515 1459 contra
534 1381 728 1453 Caesarem
749 1380 894 1471 facere,
909 1378 1170 1454 infidelitatem

61 1495 135 1566 eius
150 1495 228 1568 sine
246 1491 322 1566 ulla
338 1493 489 1592 perfidia
507 1495 690 1568 iudicavit
704 1498 899 1594 comprimi
916 1521 1034 1596 posse.
1046 1497 1171 1588 Quem

60 1613 142 1707 quia
170 1635 246 1684 non
273 1611 525 1685 arbitrabatur
552 1617 731 1684 vocatum
750 1611 930 1686 in'cast'ra
949 1620 1170 1704 venturum,

61 1749 103 1796 ne
128 1724 311 1798 tentando
338 1727 546 1800 cautiorem
572 1725 733 1816 laceret,
757 1727 800 1798 C.
819 1727 1173 1821 Volusenquua-

61 1839 209 1914 dratum
237 1841 357 1931 misit,
383 1841 450 1939 qui
479 1865 564 1918 eum
592 1867 657 1941 per
684 1839 962 1916 simulationem
983 1843 1173 1942 conloquii

61 1965 212 2032 curaret
238 1957 550 2030 interficiendum.
592 1959 649 2032 Ad
680 1967 868 2036 samiam
886 1959 1060 2034 'delectos
1087 1964 1175 2036 ido-

60 2097 147 2148 neos
174 2076 209 2148 ei
235 2073 353 2148 tratlit
384 2073 641 2148 Centuriones.
684 2079 825 2168 ¹(Quum
866 2078 907 2148 in
933 2073 1175 2176 conloquium

60 2195 219 2262 ventum
248 2194 343 2262 esset
373 2193 433 2277 et,
462 2191 504 2262 ut
535 2197 765 2264 convenerat
778 2199 796 2281 ',·
823 2213 978 2264 manum
1012 2192 1174 2266 Commii

59 2304 272 2380 Volusenus
301 2303 548 2404 adripuissetq
576 2305 781 2396 Centurio,
807 2305 867 2378 vcl
894 2313 939 2380 ut
962 2308 1109 2382 insueta
1133 2335 1175 2382 re

62 2429 287 2521 permotus,
325 2420 385 2494 vel
422 2419 593 2494 celeriter
631 2445 652 2493 a
685 2421 925 2495 furniliaribus
965 2421 1176 2524 prohibitus
1261 2521 1262 2526 Ἰ

64 2534 249 2626 Commii,
278 2533 460 2610 conficere
487 2535 677 2608 hominem
711 2559 787 2608 non
820 2539 970 2636 potuitr
1010 2539 1177 2638 graviter

63 2659 193 2728 tamen
236 2653 357 2752 primo
394 2651 474 2744 ictu
507 2649 630 2752 'gladio
664 2659 779 2751 caput
806 2650 1178 2751 percussit.'·Quunr

65 2774 256 2872 utrimque
282 2769 392 2872 gladii
420 2769 584 2857 destricti
612 2776 753 2857 essent,
780 2795 855 2844 non
872 2778 953 2851 tam
969 2761 1179 2874 pugnandi,

64 2911 179 2983 quam
207 2881 421 2984 diffugiendi
449 2882 519 2956 fuit
537 2889 781 2982 utrorumque
797 2886 994 2963 consilium
1005 2879 1181 2966 :snbstro-

62 3028 174 3093 rum,
203 3000 306 3098 quod
333 2997 526 3072 rnortilaro
554 2999 706 3077 vulnere
733 3001 948 3076 Commium
976 3004 1182 3104 credebant

57 3115 281 3200 'adlectum
309 3111 501 3188 Gallorum
519 3155 529 3203 ,·
555 3115 676 3212 quod,
694 3116 833 3190 insidiis
853 3119 1035 3217 cognitis,
1053 3117 1181 3218 plura,

61 3259 178 3334 quam
205 3233 405 3324 videbant,
428 3231 733 3308 extimescebant.
785 3235 871 3326 Quo
889 3233 989 3308 facto
1007 3237 1183 3310 statuisse

89 3527 245 3580 eivitatium.
263 3521 337 3576 Alias
353 3528 490 3576 aarum.
518 3523 594 3580 Nihil
693 3523 732 3576 vat
747 3535 776 3576 ut
791 3527 857 3576 tara·
874 3541 898 3576 r·
912 3535 1057 3604 pantanu,
1074 3521 1184 3576 simule-

57 3591 86 3642 in
104 3590 157 3647 lrac
176 3587 381 3661 orthographiae
399 3591 521 3644 miatste
544 3593 595 3643 irn-
660 3587 723 3657 bat,
737 3610 764 3644 sc
778 3609 923 3661 permoveri
934 3611 961 3644 rc
972 3593 1092 3657 insuam
1110 3594 1185 3661 quasi

58 3659 230 3712 mutandum
249 3657 405 3711 censuimus.
428 3657 459 3708 E.
477 3658 510 3709 T.
662 3657 809 3709 Commius
822 3661 974 3730 arripuisset
1000 3655 1185 3720 Voluscnum,

91 3739 223 3780 evemwn.
251 3724 306 3777 Alii
322 3737 431 3776 evenuu.
662 3726 720 3778 vim
737 3725 763 3777 ei
778 3725 915 3779 iulatums.
940 3727 979 3776 M.
997 3723 1133 3777 Clarlrium
1147 3743 1186 3777 se·

89 3793 262 3862 prohibebar.
288 3791 343 3844 Alii
359 3791 495 3844 oobrbebot.
682 3811 748 3853 nor,
766 3791 907 3864 probatum
924 3791 958 3844 ab
967 3791 1035 3844 (trud.
1053 3791 1101 3842 Hic
1113 3793 1187 3861 prius

91 3865 235 3930 superiore
258 3877 335 3912 ιιινιο.
369 3859 404 3912 Et
427 3869 517 3912 umen
543 3858 596 3911 Dio
663 3809 771 3911 arderet
787 3861 837 3912 iu:
856 3860 1187 3920 orcemrsomlarrma.

59 3929 169 3983 Cassius
189 3929 337 3994 (4ο,43.)
355 3926 419 3979 haec
436 3927 474 3980 ita
491 3935 596 3988 nant,
664 3943 694 3976 ra
706 3944 787 3996 parm.
806 3925 881 3978 valler
898 3928 1039 3978 Commium
1061 3925 1188 3995 interfice⁴
1255 3957 1259 3966 ι

59 4007 88 4049 ut
105 3999 130 4050 si
149 4012 229 4048 nunc
247 3993 410 4046 accidissent.
436 3995 480 4046 M.
665 4011 706 4055 rer
722 3994 769 4045 ael.
786 3994 881 4066 astam.
898 4003 948 4046 atr.
974 3991 1021 4044 ubi
1043 3993 1127 4044 otios·
1147 4011 1189 4045 ra-

92 4067 206 4115 idoneos
225 4063 260 4110 ci.
294 4061 365 4114 llaec
380 4059 457 4128 vulgo
478 4057 595 4114 absunt·
665 4061 760 4130 petitio
777 4061 919 4134 interficere
934 4101 943 4123 ,
957 4059 1088 4130 conficere.

59 4131 176 4202 epleris
200 4145 237 4180 uc
256 4128 372 4179 restituit
389 4127 518 4180 Davisius.
543 4093 598 4180 Seri
745 4139 774 4178 ur
787 4133 916 4197 permissit.
960 4128 1044 4196 cupas
1069 4125 1144 4178 deest
1160 4125 1190 4178 in

59 4209 149 4317 uae
161 4195 599 4316 ratusratus
667 4145 1033 4314 rainonem·
1051 4200 1126 4264 u*
1139 4211 1190 4263 ¹³⁰·

60 4333 131 4390 Tum
152 4351 205 4404 pro
225 4279 498 4396 traditaliitradiilit,
517 4309 616 4380 trans-⁸
700 4279 822 4380 delirus.
848 4327 933 4398 Vulgo
950 4326 1019 4379 malo
1034 4327 1154 4378 districti.

59 4401 132 4452 didit.
700 4413 778 4464 quam
795 4397 918 4448 videbant.
944 4393 1000 4448 Atii
1016 4397 1146 4447 viderunt.
