2986 5268
322 405 420 529 278
691 439 745 498 nn
780 439 914 500 onero
949 439 1069 502 enen.

319 637 546 728 excludere,
572 645 639 712 aut
665 639 846 714 adductos
872 641 996 740 inopia
1023 665 1069 714 ex
1085 639 1286 714 Provincia
1305 639 1429 722 exciu-

319 752 430 841 dere,
456 759 617 851 possent.
645 757 768 847 Quam
796 755 842 828 ad
868 780 972 855 spem
998 755 1159 828 muitum
1188 779 1251 828 eos
1276 753 1430 859 adiura-

316 869 410 958 bat,
435 869 536 966 quod
554 872 664 970 Liger
683 895 730 945 ex
748 871 897 944 nivibus
915 879 1100 956 creverat,
1112 880 1154 948 ut
1167 872 1324 946 omnino
1340 872 1429 944 vado

316 1009 390 1053 non
418 1007 523 1082 posse
550 986 700 1058 transiri
734 987 935 1058 videretur.

366 1095 426 1171 56.
454 1099 600 1191 Quibus
626 1102 736 1173 rebus
776 1103 953 1201 cognitis,
993 1101 1129 1176 Caesar
1163 1104 1430 1177 maturandum

313 1219 381 1291 sibi
399 1221 563 1308 censuit,
596 1219 625 1292 si
646 1225 742 1292 esset
764 1219 801 1292 in
822 1219 1054 1316 perficiendis
1079 1222 1258 1318 pontibus
1284 1221 1431 1320 pericli-

313 1335 497 1424 tandum,
524 1341 567 1407 ut
594 1336 721 1433 prius,
753 1357 867 1432 quarn
899 1342 1021 1410 essent
1048 1339 1207 1412 maiores
1224 1363 1269 1413 eo
1279 1348 1431 1414 coactae

313 1449 466 1545 copiae,
494 1447 702 1523 dimicaret.
729 1451 850 1537 Nam,
870 1456 914 1522 ut
933 1457 1170 1524 commutato
1188 1451 1346 1528 consilio
1364 1456 1431 1527 iter

311 1565 348 1637 in
367 1564 603 1634 Provinciam
623 1569 879 1653 converteret,
896 1563 934 1635 id
954 1589 1063 1638 nemo
1079 1571 1171 1638 tune
1189 1565 1343 1662 quidem
1366 1591 1431 1638 ne-

311 1679 469 1750 cessario
496 1676 713 1750 faciundum
731 1678 997 1767 existimabat,
1015 1701 1131 1776 quum
1156 1678 1258 1776 quod
1276 1680 1430 1752 infamia

311 1801 424 1892 atque
449 1793 647 1893 indignitas
673 1795 727 1868 rei
754 1801 793 1868 et
818 1796 1008 1896 oppositus
1035 1819 1142 1868 mons
1160 1797 1339 1870 Cevenna
1356 1799 1430 1869 via·

309 1933 468 2006 rumque
495 1905 695 1982 difficultas
721 1909 958 2009 inpediebat,
993 1917 1076 1984 tum
1110 1911 1294 2010 maxime,
1329 1913 1427 2011 quod

310 2029 489 2101 abiuncto
503 2027 665 2108 Labieno
681 2031 795 2126 atque
813 2027 855 2100 iis
869 2027 1096 2128 legionibus,
1114 2053 1205 2126 quas
1224 2053 1298 2102 una
1314 2034 1427 2104 mise-

310 2233 344 2285 Et
360 2233 405 2285 iric
422 2232 496 2286 loeus
514 2231 615 2288 laboret
638 2229 834 2282 additamentis.

308 2299 403 2352 Veram
416 2302 464 2353 scri
488 2311 585 2360 turum,
599 2297 705 2368 reliquis
718 2299 833 2357 omissis,

309 2389 363 2420 esse
386 2377 452 2437 puto
467 2321 550 2422 iiane:
570 2371 592 2416 si
609 2385 637 2418 re
653 2365 833 2435 frumentaria

307 2437 437 2486 Romanus
455 2435 586 2486 crebriore
619 2447 717 2498 osseae,
733 2431 759 2482 h.
773 2450 798 2482 e·
810 2432 833 2483 ei

309 2501 431 2554 litoribus
448 2453 627 2572 obequitando
650 2509 755 2569 possent
780 2500 832 2550 im-

313 2571 412 2638 pedire,
426 2588 477 2639 quo
490 2569 577 2620 minus
589 2568 701 2618 Romani
717 2570 833 2618 frumen·

310 2646 397 2686 tatum
415 2637 491 2686 irent.
509 2633 575 2700 Ergo
593 2653 645 2686 non
666 2632 745 2684 morlo
761 2651 834 2684 oom-

310 2713 442 2764 meatum,
465 2699 618 2756 Novioduni
641 2711 773 2772 paratum.
791 2718 833 2750 va-

309 2777 427 2835 starunt3
446 2769 491 2820 sed
509 2788 578 2820 nunc
603 2787 704 2846 quoquc
722 2768 833 2818 occasio-

309 2855 372 2888 nem
385 2835 566 2888 immutandi
583 2835 615 2888 iis
632 2835 756 2903 eripiunt.
775 2833 832 2884 iam

308 2904 441 2954 vidiminus
457 2901 489 2953 de
505 2903 629 2953 varietate
652 2900 788 2961 lectionis,
804 2909 831 2952 et

308 2971 423 3036 vntigiis
436 2967 683 3021 additamentorurn.
702 2968 790 3019 Primo
803 2969 830 3018 in

309 3037 357 3087 ini.
376 3037 453 3088 Celso
471 3055 497 3104 p.
514 3045 559 3100 ¹47
575 3035 641 3086 nihii
660 3045 700 3088 est
716 3035 748 3087 de
765 3034 830 3097 hoc.

308 3104 399 3156 Gallos
416 3123 430 3156 e
447 3104 582 3156 Provincia
606 3102 742 3154 excludere
766 3103 830 3154 Cac-

307 3181 516 3231 rnmmeomtos
537 3189 601 3222 esse.
623 3169 756 3226 Secundo,
776 3187 830 3221 non

307 3247 395 3307 potest
412 3238 496 3289 intelli
516 3237 537 3297 i,
551 3235 683 3308 quomodo
697 3235 830 3287 voiuerint

307 3307 441 3358 (imarum
459 3258 592 3356 excindere
609 3303 753 3360 Provincia,
771 3302 797 3354 li.
806 3321 829 3354 e.

306 3393 335 3424 ea
353 3382 425 3444 parte
443 3371 561 3437 Galliae,
574 3389 639 3442 quae
657 3370 755 3422 dieitur
771 3369 830 3420 Pro

306 3441 405 3500 vincia,
425 3443 502 3501 (nam
524 3437 585 3491 haec
607 3455 710 3505 semper
734 3445 774 3488 est
800 3439 828 3488 iu

306 3506 349 3559 his
373 3506 447 3564 libris
472 3507 628 3569 Provincia)
650 3523 710 3556 curn
733 3505 829 3558 Caesar

305 3583 367 3625 tnnc
384 3592 438 3623 non
457 3573 536 3623 suerit
554 3589 635 3643 prope
652 3569 826 3635 Provinciam,

305 3660 353 3692 nee
372 3660 404 3692 eo
426 3639 604 3692 contunderit:
624 3636 730 3690 Aeduos
754 3638 827 3692 enim

304 3717 369 3759 tnnc
381 3725 512 3785 aggressus
524 3715 570 3756 est.
584 3705 607 3756 T
608 3706 685 3763 ertio,
696 3705 827 3754 excludere

303 3774 345 3826 bis
373 3784 481 3826 rosrtnrn
498 3773 524 3824 h.
542 3773 561 3824 l.
579 3773 641 3824 torri
659 3787 712 3822 uon
731 3779 825 3842 potest:

324 3793 374 3894 nod
393 3843 411 3891 ii
429 3849 578 3898 senscrunt,
604 3839 649 3909 qui
674 3857 720 3916 pro
738 3839 826 3888 exelu-

302 3860 363 3959 dere
396 3909 539 3978 posteriorc
575 3905 632 3957 ioco
663 3913 826 4023 scrrgseruut

303 3975 439 4042 erpellere,
463 3984 493 4025 ut
517 3976 546 4024 in
567 3973 643 4026 codd·
665 3973 711 4042 qui
733 3972 825 4026 uadarn

301 4041 404 4105 iegitur.
441 4039 558 4110 Quarto,
583 4041 670 4109 iuopia
696 4041 825 4090 frumeuti

302 4112 438 4164 Caesarem
455 4125 508 4158 non
526 4105 698 4160 exclusissent
717 4107 824 4157 i’rovin-

302 4179 356 4240 cia3
375 4175 420 4229 sed
441 4195 471 4226 eo
492 4193 519 4226 se
542 4175 655 4244 recipere
671 4175 822 4240 coegissent.

300 4244 334 4294 ci'.
352 4259 410 4311 cap.
429 4245 468 4307 59.
487 4241 568 4316 igitur
589 4259 651 4292 enm
672 4239 765 4310 aliquis
788 4239 823 4291 ie-

302 4319 370 4368 etor‚
389 4326 441 4359 non
461 4316 523 4358 satis
543 4307 677 4366 adtentus,
695 4307 823 4377 explicare

301 4375 381 4426 veliet
397 4374 472 4424 rerba
491 4374 618 4431 Caesaris,
637 4392 667 4423 re
677 4373 823 4443 jiurumtn·

301 4449 357 4494 ria:
368 4441 506 4518 adscripsit
524 4441 644 4508 margini,
659 4444 744 4507 inopia
761 4458 823 4490 cou-

300 4521 367 4570 uos,
390 4526 462 4580 quaer
483 4525 573 4564 sunaus
594 4517 677 4574 esset,
696 4525 742 4578 per
766 4526 823 4560 rem

902 2229 1117 2292 i'nrmentariam‚
1177 2251 1189 2284 r
1215 2232 1270 2286 eius
1299 2233 1425 2304 inopiam.

901 2297 969 2349 Luni
987 2297 1082 2350 deinde
1099 2297 1178 2350 velet
1195 2299 1343 2358 ostendere,
1358 2303 1425 2354 unde

901 2364 1034 2418 excludere
1047 2365 1191 2428 voluerint,
1203 2365 1324 2422 addidit.
1335 2388 1349 2418 e
1362 2370 1425 2420 Pro

901 2437 989 2482 vincia.
1016 2431 1062 2482 His
1086 2433 1203 2484 inmissis
1223 2435 1252 2485 in
1270 2445 1424 2488 contextum

901 2497 1037 2552 verborum
1044 2539 1052 2559 ,
1059 2499 1226 2570 duplicatum
1236 2509 1276 2554 est
1283 2503 1426 2564 excludere.

900 2564 1074 2636 additumque
1098 2577 1138 2619 est
1158 2579 1211 2620 aut.
1246 2567 1372 2620 Ceterum
1390 2581 1427 2627 ιιι

899 2633 1017 2712 plerique
1033 2634 1108 2686 codd.
1126 2637 1157 2686 ab
1174 2653 1204 2686 ne
1212 2635 1296 2706 frum.
1316 2635 1427 2697 habent,

900 2701 935 2751 sic
953 2700 997 2752 alii
1015 2703 1143 2754 omittunt
1159 2704 1210 2762 ab,
1228 2721 1295 2756 unns
1313 2717 1360 2754 out
1381 2723 1428 2774 pru

900 2785 930 2818 eo
980 2769 1044 2829 suit,
1057 2787 1122 2838 quae
1135 2771 1224 2823 omnia
1242 2779 1306 2822 suut
1323 2771 1424 2824 adsuta.

899 2785 980 2888 Sed)0
976 2844 1068 2890 utatur
1098 2855 1145 2906 per
1169 2855 1211 2888 rue
1237 2839 1351 2907 quisque
1378 2859 1428 2890 suo

898 2921 984 2953 sensu.
1002 2903 1040 2952 M.
1058 2901 1137 2955 Plane
1155 2903 1222 2955 mihi
1239 2903 1347 2956 videtur
1371 2925 1426 2960 rem

898 2987 946 3021 acu
968 2971 1083 3038 tetigisse
1105 2970 1210 3038 Murus;
1235 2973 1323 3051 itaque
1347 2975 1427 3024 verba
1483 3015 1484 3024 ,

898 3037 999 3088 intrusa
1017 3039 1090 3090 uocis
1107 3037 1210 3090 inclusi.
1229 3037 1353 3091 Davisius
1368 3059 1426 3092 con·

898 3113 937 3154 trn
956 3091 1073 3157 volabit:
1097 3108 1120 3158 si
1143 3105 1175 3156 ab
1196 3123 1225 3155 re
1241 3105 1425 3176 firmrerreariu

897 3171 1026 3228 Romanos
1043 3171 1175 3224 mutere
1190 3185 1217 3224 et
1232 3173 1356 3224 &ductos
1369 3179 1425 3226 ireo-

894 3242 939 3305 pr'a
950 3243 976 3288 in
991 3239 1154 3289 Provinciam
1171 3239 1294 3306 repellere
1308 3255 1421 3308 possent.

930 3306 956 3355 id
973 3323 1046 3356 nemo
1063 3317 1129 3362 tune.
1174 3305 1205 3358 [u
1229 3306 1303 3358 codd.
1329 3307 1353 3358 le
1374 3309 1423 3360 'tur

897 3371 948 3432 vel,
967 3385 994 3422 ut
1011 3390 1083 3424 tremo
1106 3385 1164 3422 tune
1188 3375 1301 3442 quidem
1320 3392 1335 3423 v
1370 3388 1423 3434 ‚ut

896 3455 928 3487 ne
948 3451 1015 3489 mnu
1036 3439 1148 3506 quidem
1172 3439 1227 3501 vei,
1251 3441 1278 3490 id
1298 3459 1331 3492 ne
1353 3454 1422 3493 metu

895 3508 1003 3574 quidem.
1027 3506 1171 3562 Levissima
1190 3507 1337 3561 mutatione
1354 3509 1379 3562 le
1405 3539 1420 3556 .-

896 3571 959 3632 ιίιιι,
972 3573 1000 3622 r'd
1012 3591 1084 3623 neruo
1097 3586 1155 3624 tune
1166 3593 1207 3640 qu.
1218 3573 1273 3644 sur.
1287 3579 1361 3626 exist.
1414 3613 1419 3625 .

895 3637 939 3692 Sic
955 3658 1046 3694 sensus
1062 3658 1142 3692 nanus
1167 3641 1295 3710 procedit.
1317 3643 1389 3695 Oud.
1406 3663 1421 3694 e

893 3706 1040 3758 coniectura
1073 3705 1207 3758 Ciareonii
1236 3707 1363 3773 dederat,
1390 3723 1418 3759 nt

894 3789 966 3822 nemo
983 3791 1036 3824 non
1053 3785 1106 3824 trena
1123 3775 1232 3842 quitiam.

927 3859 1002 3908 qrrum
1015 3839 1130 3910 insania.
1149 3841 1187 3892 Le
1204 3841 1302 3893 endum
1320 3841 1362 3893 vel
1381 3844 1419 3892 in-

892 3907 954 3957 vitis
967 3907 1044 3959 Mas.
1056 3925 1124 3970 curn,
1132 3908 1163 3960 R.
1200 3908 1327 3978 tephano:
1341 3927 1419 3978 quam

892 3976 960 4044 quui
977 3974 1089 4046 infamia
1101 3999 1141 4024 -.
1151 3975 1194 4026 M.

925 4044 1055 4102 (rainnero,
1068 4039 1136 4093 Oud.
1154 4043 1290 4112 Agendieo.
1308 4041 1418 4095 Secutus

891 4107 989 4160 scilicet
1000 4111 1175 4162 coniecturam
1185 4127 1239 4162 non
1249 4112 1420 4170 uraesmriarn

890 4175 1034 4236 ciacconii,
1048 4193 1114 4246 quae
1132 4195 1186 4226 uno
1203 4175 1290 4228 codice
1303 4179 1417 4232 nititur.

891 4243 917 4291 in
937 4260 988 4312 qun
1010 4243 1165 4311 Agendieum
1189 4243 1298 4294 Labieno
1322 4251 1417 4294 exstat.

890 4307 942 4359 Sed
955 4308 1010 4360 rid.
1022 4309 1056 4360 ad
1067 4327 1125 4379 cap.
1140 4317 1180 4372 57-
1197 4309 1350 4379 [regendum
1363 4319 1417 4367 est,

891 4385 921 4425 nt
938 4383 964 4425 et
981 4375 1104 4428 Davisius
1128 4375 1209 4437 vidit,
1227 4396 1240 4428 e
1262 4376 1339 4428 codd.
1362 4378 1418 4446 pie-

890 4445 976 4511 riaque
993 4452 1020 4496 et
1036 4441 1095 4498 edd.
1120 4451 1188 4494 aut-2
1207 4445 1276 4511 (Jrrod
1297 4446 1414 4494 αὸίιιιισεο

888 4512 1099 4580 (ἀπιχωμιτὲντι,
1119 4508 1153 4562 ab
1170 4529 1197 4562 ac
1223 4517 1342 4576 rernoio)
1360 4511 1415 4562 La*
