2986 5268
222 4069 226 4076 =
321 4038 347 4090 h.
366 4041 441 4111 ltisp.
455 4041 495 4104 34.
509 4043 634 4112 interfecti
645 4057 702 4094 sunt
715 4043 845 4094 hominnm

334 337 429 429 250
698 369 753 428 nc
790 369 924 428 anuto
960 369 1080 428 osui.

335 597 382 646 ex
398 569 527 642 castris
544 571 680 658 exc'sse,
706 573 741 640 si
757 567 1036 667 quidsrumenti
1050 581 1114 640 out
1126 570 1267 667 pecoris
1283 571 1323 641 in
1339 573 1440 670 agris

334 692 487 786 reperire
500 701 669 784 possent:
686 685 799 756 simili
813 711 952 758 omnem
968 693 1165 758 exercitium
1180 691 1303 783 inopia
1316 696 1441 783 premi,

334 825 398 874 nec
423 805 496 872 iam
522 803 614 875 viras
638 801 802 894 sufficere
827 807 1020 898 cuiquam,
1047 825 1112 872 nec
1123 799 1232 895 serre
1256 808 1373 898 operis
1390 804 1406 872 l
1425 844 1442 858 -

331 917 449 990 barem
480 941 615 1015 posse.-
644 920 764 1012 itoque
795 922 966 988 statuisse
991 913 1264 1013 Imperatorem,
1296 917 1333 990 si
1355 920 1445 992 nilu'l

330 1037 369 1104 in
398 1031 660 1129 obpugnatione
685 1029 810 1124 oppidi
834 1031 1070 1128 profecisset,
1101 1031 1219 1104 triduo
1246 1041 1442 1107 exercitum

330 1145 512 1220 deducere.
548 1143 669 1233 Haec,
695 1145 837 1241 inquit,
863 1169 886 1214 n
910 1171 989 1231 me,
1014 1147 1318 1244 Vercingetorix,
1344 1147 1443 1220 bene-

318 1259 415 1360 ficio
432 1263 589 1346 habetis,
611 1287 714 1360 quem
730 1261 942 1358 proditionis
960 1264 1197 1346 insimulatis,
1217 1268 1322 1336 cuius
1339 1292 1441 1358 opera

328 1389 405 1456 sine
432 1395 545 1457 vestro
572 1385 749 1476 sunguine
770 1391 909 1448 tantum
927 1383 1124 1450 exeroitwn
1150 1384 1320 1454 victorem
1332 1382 1438 1475 same

326 1521 439 1594 poene
471 1507 697 1566 consumtum
728 1491 882 1574 videtis,·
913 1517 1039 1590 quem,
1067 1500 1219 1588 turpiter
1243 1519 1282 1566 se
1306 1521 1355 1568 en
1376 1496 1442 1568 lioc

313 1607 424 1706 sago
442 1613 691 1704 recipientem,
722 1631 766 1680 ne
781 1632 853 1705 qua
869 1611 995 1681 civitas
1011 1611 1087 1680 suis
1101 1602 1243 1701 finibus
1269 1613 1436 1708 recipiat,

329 1753 352 1796 a
378 1751 434 1798 me
455 1730 640 1822 provisum
667 1737 731 1795 est.

381 1867 441 1912 21.
468 1837 689 1910 Conclamat
715 1836 835 1909 omnis
861 1833 1065 1909 multitudo
1092 1843 1130 1912 et
1156 1861 1223 1912 suo
1248 1861 1354 1912 more
1381 1867 1440 1913 ar-

327 1952 397 2024 mis
424 1959 657 2051 concrepat;
684 1951 785 2048 quod
812 1949 933 2024 facere
959 1953 998 2023 in
1025 1973 1069 2023 eo
1095 1959 1345 2044 consuerunt,
1373 1981 1439 2052 ,cn-

327 2073 384 2144 ius
411 2074 618 2145 orationem
647 2071 885 2170 adprobant3
920 2091 1109 2140 summum
1138 2095 1215 2143 esse
1242 2075 1437 2174 Vercinge-

327 2187 486 2286 torigem
523 2185 688 2274 ducem,
715 2209 783 2256 nec
811 2183 953 2256 deeius
978 2181 1050 2256 fide
1077 2183 1345 2272 dubitandum
1374 2213 1436 2259 aec

324 2306 464 2377 maiore
492 2305 634 2376 ratione
662 2300 800 2374 bellum
827 2297 1078 2372 administrari
1098 2325 1216 2399 posse.
1243 2304 1437 2388 Statuunt,

325 2428 371 2495 ut
397 2421 524 2494 decem
551 2418 654 2492 milia
687 2417 883 2490 hominum
918 2414 1061 2490 delecta
1095 2441 1140 2488 ex
1175 2419 1349 2494 omnibus
1379 2447 1437 2494 co-

324 2535 393 2633 piis
420 2535 457 2606 in
485 2533 662 2632 oppidum
683 2533 968 2620 submittantur,
995 2555 1063 2604 nec
1089 2531 1175 2604 solis
1210 2534 1437 2636 Biturigibus

325 2673 565 2724 communem
600 2647 759 2721 salutem
794 2649 1104 2722 committendam
1125 2657 1298 2736 censent;
1341 2653 1438 2750 quod

325 2790 437 2864 penes
471 2791 559 2856 eos,
597 2766 627 2837 si
661 2764 698 2838 id
737 2764 914 2863 oppidum
949 2765 1223 2857 retinuissent,
1254 2793 1438 2841 summam

325 2877 507 2952 victon'ae
533 2884 704 2952 constare
731 2878 1008 2979 intellegebant.

375 3022 436 3068 22.
463 2993 647 3094 Singulari
681 2995 844 3067 militum
879 3001 1090 3066 nostrorum
1119 2995 1255 3072 virtuti
1287 2997 1438 3072 consilia

324 3109 503 3207 cuiusque
523 3109 621 3182 modi
642 3109 835 3182 Gallorum
859 3111 1128 3192 occurrebant,
1146 3125 1186 3180 ut
1213 3127 1266 3184 est
1279 3136 1439 3184 summae

319 3249 434 3325 genus
457 3227 621 3299 solertiae
636 3243 741 3324 atque
758 3227 808 3298 nd
831 3231 952 3296 onmia
966 3227 1141 3298 imitando
1168 3243 1274 3325 atque
1290 3232 1440 3321 effaren-

322 3339 390 3428 dn,
415 3363 509 3438 quae
524 3341 569 3411 ab
599 3367 737 3439 quoque
763 3341 975 3430 tradantur,
998 3345 1236 3440 aptissimum.
1276 3341 1377 3413 Nam
1403 3347 1440 3412 ct

356 3661 579 3730 operislaborem,
590 3659 684 3722 eundi,
696 3659 845 3720 muniendi,
946 3665 970 3710 ti
986 3660 1014 3710 id
1031 3661 1159 3730 oppidum.
1179 3667 1211 3717 Ti
1224 3663 1251 3711 id
1261 3663 1380 3714 restituit
1390 3661 1440 3713 Ou-

323 3743 492 3816 abpugnaudi
509 3743 665 3798 molestiam.
674 3745 716 3796 Cl.
727 3765 747 3797 c.
759 3749 798 3796 28.
808 3746 845 3794 M.
914 3738 992 3792 dcud.
1011 3759 1042 3792 ex
1060 3741 1136 3794 codd.
1155 3749 1181 3793 ct
1198 3739 1257 3794 cdd.
1271 3742 1312 3794 lta
1324 3754 1352 3796 et
1363 3743 1440 3797 Grae

913 3837 966 3870 cus.

355 3872 387 3902 a
404 3853 453 3904 hac
461 3853 537 3924 suga.
557 3853 588 3905 ln
606 3855 665 3908 aliis
683 3855 731 3907 'uc
747 3855 828 3908 dmi·
948 3913 1086 3982 Singulari
1097 3943 1129 3952 —
1140 3917 1241 3971 virtuti,
1259 3931 1340 3983 quom
1352 3914 1381 3964 in
1394 3911 1439 3964 ob·

914 3993 1056 4064 pugnando
1073 3995 1183 4046 Avarico
1201 3993 1436 4066 demonstrabant:

354 4127 377 4135 ,Ι
553 4125 558 4135 Ι
913 4069 1062 4125 hancenias
1072 4070 1163 4124 urbem
1175 4069 1373 4141 obpugnabout.
1385 4069 1435 4121 vid.

322 4123 395 4172 melta
413 4123 497 4176 xxn.
513 4123 575 4178 aua
593 4125 712 4195 exempla
728 4125 776 4180 dat
791 4127 845 4181 Ou-
912 4151 1154 4221 ωρ,17θῑ,9ῃῃ,
1180 4151 1223 4203 M,
1243 4151 1365 4204 Ceterum
1377 4156 1434 4200 Μ

321 4203 400 4258 ‘lend'
913 4233 961 4285 hoc
978 4242 1059 4302 caput
1076 4231 1195 4285 lacunam
1207 4251 1262 4284 esse
1278 4231 1433 4282 arbitrantur

357 4313 424 4377 qnod
439 4329 514 4378 penes
532 4331 583 4362 eos.
601 4313 759 4365 Clarkiusex
767 4313 844 4364 codd.
912 4312 990 4382 vulgo
998 4327 1007 4378 3
1021 4312 1129 4363 Vossius
1141 4319 1218 4379 negat
1229 4319 1256 4362 et
1268 4311 1356 4362 omnia
1370 4307 1432 4359 beut

319 4390 389 4455 qaod
404 4409 485 4454 paene
502 4396 529 4441 in
546 4411 585 4442 ea.
603 4391 645 4444 Sic
663 4401 686 4444 ct
705 4393 826 4446 Graecus.
913 4391 1049 4446 cohaerere
1067 4390 1194 4444 ostendit.

354 3962 458 4012 delecta.
480 3965 567 4016 Vossii
588 3935 669 4016 codri
693 3964 784 4016 dilecti.
816 3975 845 4016 ut
