3000 5268
366 334 454 446 194
506 348 511 358 ·
722 341 778 410 or:
812 349 945 410 nanto
981 345 1103 412 aaut.

357 573 445 624 cum
473 573 547 623 una
572 547 736 650 legione,
762 553 914 650 quaein
937 575 1069 626 eorum
1093 549 1231 626 finibus
1258 549 1460 642 hiemabat,

357 669 493 742 adoriri
521 669 721 766 parabantr
748 669 897 766 iamque
930 667 977 740 ab
1010 692 1054 741 eo
1082 692 1156 740 non
1190 667 1460 766 longiusbidui

357 787 418 860 via
437 786 610 874 aberant,
624 809 742 882 quum
758 783 850 857 duas
870 785 1011 856 venisse
1029 783 1192 882 legiones
1206 785 1324 860 missu
1345 785 1461 857 Caesa·

355 902 406 974 ris
425 907 671 999 cognoscunt.
697 900 830 973 Positis
849 899 981 972 castris
999 924 1021 970 a
1040 898 1189 970 milibus
1207 921 1385 996 passuum
1403 899 1459 970 XV

355 1016 495 1090 aemilia
523 1019 797 1090 Germanorum
825 1021 1040 1113 exspectare
1060 1017 1314 1088 constituunt.
1342 1015 1460 1087 Labie·

355 1159 448 1223 nus,
474 1134 639 1208 hostium
671 1131 824 1234 cognito
855 1131 1030 1219 consilio,
1056 1155 1230 1229 sperans,
1259 1135 1460 1208 temeritate

355 1271 487 1320 eorum
514 1247 592 1320 sore
620 1246 784 1344 aliquam
801 1243 1002 1320 dimicandi
1030 1241 1274 1336 facultatem,
1293 1245 1459 1346 praesidio

356 1360 570 1434 cohortium
596 1361 760 1458 quinque
786 1360 1047 1458 inpedimentis
1074 1361 1225 1450 relicto,
1253 1385 1343 1434 cum
1369 1361 1458 1432 XXV

355 1477 575 1552 cohortibus
602 1485 811 1577 magnoque
830 1477 1004 1574 equitatu
1030 1485 1162 1551 contra
1188 1477 1342 1552 hostem
1362 1475 1459 1575 profi·

356 1595 510 1668 ciscitur
544 1600 603 1678 et,
635 1595 888 1692 til-passuum
922 1595 1132 1668 intermisso
1168 1597 1317 1694 spatio,
1352 1601 1459 1668 castra

356 1711 580 1784 communit.
606 1710 698 1782 Erat
723 1709 822 1782 inter
848 1709 1055 1783 Labienum
1082 1717 1195 1808 atque
1223 1713 1374 1786 hostem
1399 1711 1458 1783 dif-

354 1823 442 1900 ficili
461 1824 621 1897 transitu
647 1821 785 1898 flumen
811 1825 973 1923 ripisque
1000 1827 1227 1924 praeruptis:
1250 1827 1325 1900 hoc
1352 1847 1457 1923 neque

354 1941 432 2040 ipse
456 1941 613 2014 transire
640 1939 678 2012 in
704 1940 829 2014 animo
856 1939 1040 2032 habebat,
1065 1966 1184 2039 neque
1211 1941 1344 2018 hostes
1369 1950 1459 2015 tran·

356 2055 493 2128 situros
519 2054 768 2128 existimabat.
802 2053 1024 2154 Augebatur
1049 2057 1277 2130 auxiliorum
1307 2053 1459 2154 quotidie

355 2193 449 2268 spes.
475 2171 662 2267 Loquitur
687 2169 724 2241 in
752 2168 906 2242 consilio
933 2159 1077 2270 palam,
1102 2176 1276 2270 quomam
1304 2170 1459 2244 Germani

354 2287 638 2387 adpropinquare
661 2285 847 2376 dicantur,
869 2309 946 2360 sese
970 2311 1057 2358 suos
1083 2293 1335 2390 exercitusque
1345 2285 1458 2381 scirta-

354 2426 421 2474 nas
445 2405 485 2472 in
510 2401 657 2474 dubium
683 2426 753 2475 non
777 2399 1028 2476 devocaturum
1047 2414 1084 2476 et
1101 2416 1242 2501 postero
1269 2403 1329 2478 die
1350 2403 1456 2498 prims

282 2577 285 2584 ,
353 2521 433 2594 luce
458 2531 577 2590 castro
602 2519 795 2588 moturum,
819 2514 997 2592 Celeriter
1022 2517 1113 2592 haec
1140 2517 1187 2590 ad
1214 2518 1342 2594 hostes
1366 2513 1455 2588 dele·

353 2637 511 2717 runtur,
541 2637 586 2703 ut
615 2653 661 2702 ex
693 2653 828 2728 magno
861 2631 1055 2706 Gallorum
1088 2633 1281 2730 equitatus
1312 2649 1454 2704 numero

354 2773 431 2822 non
449 2745 569 2819 nullos
588 2745 738 2818 Gallicis
763 2746 873 2820 rebus
900 2747 1023 2822 favere
1044 2756 1179 2822 natura
1201 2749 1374 2850 cogebat.
1397 2745 1456 2816 La·

353 2865 485 2938 bienus
512 2869 650 2952 noctu,
668 2863 842 2936 Tribunis
861 2863 1024 2938 militurn
1052 2867 1254 2964 primisque
1278 2862 1454 2940 ordinibus

355 2977 517 3066 coactis,
542 2975 630 3072 qnid
662 2977 716 3048 sui
748 2977 797 3050 sit
828 2979 993 3069 consilii,
1020 2983 1194 3080 proponit
1221 2987 1280 3068 et,
1309 3003 1383 3078 quo
1408 2973 1455 3046 fa·

354 3087 461 3162 cilius
480 3088 649 3161 hostibus
665 3089 812 3180 timoris
839 3091 903 3164 det
928 3097 1193 3193 suspicionem,
1208 3097 1349 3169 maiore
1375 3095 1454 3162 stre·

351 3206 435 3304 pitu
462 3212 502 3280 et
526 3204 714 3293 tumultu,
731 3229 846 3302 quam
871 3209 1002 3308 Populi
1021 3213 1182 3288 Romani
1208 3212 1283 3288 fert
1309 3229 1453 3286 consue-

351 3320 468 3408 tudo,
486 3331 608 3392 castra
634 3323 778 3394 moveri
805 3323 922 3398 iubet.
947 3326 1013 3398 llis
1034 3327 1146 3398 rebus
1173 3327 1282 3426 fugae
1309 3321 1452 3398 similem

351 3437 623 3536 profectionem
650 3437 777 3512 efficit.
817 3439 919 3514 llaec
945 3466 1094 3540 quoque
1119 3467 1185 3544 per
1211 3444 1451 3544 exploratores

352 3560 440 3628 ante
476 3553 620 3642 lucem,
646 3555 684 3626 in
714 3561 820 3630 tanta
851 3559 1129 3659 propinquitate
1159 3568 1386 3644 castrorrun,
1411 3549 1451 3626 ad

350 3667 477 3744 hostes
504 3668 734 3742 deseruntur.
1082 3683 1086 3694 ’

384 3905 520 3960 mersabat,
532 3907 578 3961 Sic
586 3910 679 3962 rectius
687 3909 784 3963 ecodd.
793 3929 874 3983 quarn
1021 3917 1108 3968 intur.
1125 3913 1159 3968 al.
1176 3921 1295 3986 equium.

350 3973 428 4044 vulgo
446 3977 610 4026 bienraverm.
972 3931 1045 4034 wib.
1063 3983 1117 4034 nu'l.
1131 3987 1209 4052 prins.
1231 3983 1368 4036 ordinibus·
1383 3965 1447 4026 Md

384 4059 402 4092 α
417 4043 516 4093 milibus
530 4063 558 4112 p.
576 4043 620 4095 Sic
638 4051 664 4094 et
681 4053 709 4108 4,
727 4060 767 4095 22.
941 4051 968 4108 5,
987 4049 1027 4100 30.
1047 4051 1085 4100 Μ.

384 4112 411 4158 tn
438 4111 552 4162 consilto.
595 4111 680 4180 Vulgo
708 4116 735 4163 in
760 4111 872 4166 comitto.
971 4123 1071 4169 coactis.
1089 4117 1132 4170 sie
1148 4137 1162 4169 a
1178 4117 1235 4171 cod.
1253 4117 1334 4172 Gran.
1351 4110 1381 4168 ad
1396 4106 1446 4182 Lir-

350 4171 429 4254 Male.
553 4243 569 4256 ..
940 4179 985 4244 30,
1005 4193 1021 4247 4
1038 4191 1064 4235 et
1084 4183 1188 4237 Clarke.
1213 4185 1297 4255 Vulgo
1319 4183 1446 4234 comosum

383 4243 508 4291 decentor.
525 4239 571 4294 alu
586 4243 711 4297 dictentur.
939 4269 954 4302 e
970 4249 1062 4320 glossa.

333 4369 337 4376 ¹
384 4313 633 4362 nondevocnturum.
650 4311 731 4366 stab.
745 4313 872 4388 Hispat.
972 4323 1144 4388 suspicionem.
1179 4317 1245 4372 Cod.
1271 4317 1386 4390 Bonum·
1410 4321 1443 4356 '²¹‘

353 4369 431 4426 cont.
448 4373 557 4431 Plractlr.
574 4377 628 4436 sab.
647 4400 675 4442 ι,
693 4397 733 4434 20.
939 4391 1096 4455 spectionem.
1114 4387 1158 4444 Cs-
1175 4385 1247 4442 ond.
