2986 5268
353 381 435 440 us.
470 271 539 440 in.
574 358 675 440 car.
705 341 881 440 63-66.
1076 344 1173 442 285

53 583 273 682 Allobrogas
299 581 493 672 sollicitat,
521 607 682 682 quorum
699 589 843 656 mentes
868 580 1034 655 nondum
1052 581 1098 654 ab
1118 607 1179 655 su.

52 705 196 801 periore
224 700 321 772 bello
344 701 519 773 resedisse
554 703 747 800 sperabat.
765 703 913 773 Horum
941 701 1176 800 Principibus

51 821 256 919 pecunias,
276 819 423 896 civitati
450 803 581 898 autem
596 817 796 920 imperium
821 818 939 892 totius
958 819 1178 916 provinciae

51 933 263 1032 pollicetur.
626 1029 628 1034 Ι
1132 1013 1134 1018 ,

105 1045 167 1123 65.
195 1048 250 1122 Ad
279 1050 346 1120 hos
376 1071 505 1120 ornnes
533 1069 640 1120 casus
667 1047 817 1146 provisa
849 1051 957 1121 erant
995 1045 1179 1144 praesidia

53 1163 269 1244 cohortium
302 1161 461 1235 duarum
489 1167 528 1234 et
563 1162 721 1261 viginti,
752 1185 846 1258 quae
865 1185 912 1234 ex
937 1163 1017 1259 ipsa
1044 1166 1179 1234 coacta

54 1281 251 1380 provincia
289 1279 335 1354 ab
371 1281 412 1360 b.
444 1281 603 1352 Caesare
633 1280 775 1378 Legato
808 1277 854 1363 ad
888 1301 1017 1350 omnes
1052 1283 1185 1376 partes¹

53 1396 353 1493 obponehantur.
406 1393 557 1484 Helvii,
586 1417 651 1466 sua
691 1399 824 1491 sponte
857 1416 944 1466 cum
996 1391 1179 1464 finitumis

52 1509 195 1607 proelio
222 1508 427 1608 congressi,
441 1507 631 1606 pelluntur
649 1513 708 1597 et,
723 1509 765 1582 C.
779 1506 930 1580 Valerio
943 1508 1189 1596 Douutanro,

53 1626 193 1701 Caburi
214 1625 310 1714 filio,
345 1625 515 1724 Principe
544 1625 710 1696 civitatis
737 1621 1066 1722 compluribusque
1098 1623 1180 1698 aliis

53 1742 285 1840 interiectis,
319 1743 418 1818 intra
467 1740 605 1839 oppida¹
643 1763 844 1838 murosque
884 1739 1181 1840 compelluntur.

53 1857 294 1957 Allobroges,
309 1855 448 1947 crebris
468 1856 514 1926 ad
529 1854 755 1930 Rhodanum
772 1855 958 1952 dispositis
974 1853 1180 1952 praesidiis,

54 1997 191 2069 magna
218 1995 305 2050 cum
333 1993 423 2048 cura
446 1977 484 2042 et
510 1969 701 2068 diligentia
719 1993 805 2044 suos
824 1973 992 2045 tuentur.
1020 1967 1190 2059 Caesar,

55 2085 158 2182 quud
185 2085 309 2160 hostes
336 2087 508 2182 equitatu
534 2086 740 2184 superiores
763 2108 839 2159 esse
857 2082 1099 2184 intellegebat
1116 2091 1177 2172 et,

56 2185 269 2277 interclusis
297 2202 470 2278 omnibus
488 2202 703 2294 itineribus,
720 2199 823 2272 nulla
850 2223 891 2272 re
919 2223 966 2270 ex
985 2199 1182 2280 Provincia

57 2329 173 2415 atque
194 2319 300 2393 ltalia
328 2317 513 2394 sublevari
528 2324 699 2416 poterat,
718 2323 822 2390 trans
839 2316 1012 2392 Rhenum
1028 2317 1066 2388 in
1088 2319 1183 2388 Ger-

59 2435 227 2510 maniam
250 2433 370 2508 mittit
398 2432 445 2509 ad
481 2458 542 2510 eas
573 2435 771 2521 civitates,
805 2431 1179 2530 quassuperinribus

60 2552 168 2628 annis
193 2556 417 2648 pacaverat,
450 2551 667 2650 equitesque
699 2549 747 2622 ab
775 2548 832 2622 his
859 2550 1012 2624 arcessit
1034 2556 1071 2622 et
1089 2547 1182 2619 levis

61 2673 275 2740 structurae
302 2665 471 2765 pedites,
508 2665 571 2762 qui
601 2667 790 2738 intereos
821 2664 992 2764 proeliari
1023 2689 1184 2737 consue-

63 2787 208 2854 verant.
234 2783 375 2854 Eorum
399 2779 591 2870 adventu,
622 2779 722 2878 quod
749 2783 871 2854 minus
907 2780 1049 2854 idoneis
1078 2781 1183 2874 equis

66 2901 293 2986 utebantur,
326 2925 346 2970 a
377 2899 552 2976 Tribunis
585 2897 748 2973 militum
780 2899 1029 2995 reliquisque,
1058 2899 1190 2972 sedet

66 3013 264 3113 Equitihus
284 3015 460 3092 Romanis
480 3020 592 3112 atque
611 3015 798 3105 evocatis,
825 3038 939 3111 equos
958 3013 1074 3084 sumit
1092 3012 1186 3106 Ger·

68 3130 262 3224 manisque
289 3128 491 3201 distribuit.

119 3247 181 3318 66.
208 3246 378 3333 Interea,
406 3243 495 3320 dum
516 3243 606 3318 haec
635 3250 842 3344 geruntur,
867 3242 1032 3316 hostium
1056 3245 1186 3340 copiae

71 3387 116 3435 ex
144 3363 320 3435 Aruernis
353 3364 593 3459 equitesque,
617 3363 680 3460 qni
711 3363 782 3436 toti
811 3355 953 3434 Galliae
982 3366 1088 3434 erant
1118 3361 1189 3432 im·

72 3481 212 3588 perati,
245 3481 487 3554 conveniunt.
515 3480 651 3578 Magno
679 3479 814 3556 horum
840 3483 974 3550 coacto
1009 3463 1189 3566 nurnero,

107 3673 272 3766 Allobrogas.
289 3695 346 3748 Alii
362 3696 523 3766 Allobroges.
699 3713 715 3744 a
736 3693 806 3746 Tru.
823 3694 877 3744 mil.
891 3722 923 3733 -
935 3693 1064 3744 Romanis.
1082 3691 1191 3762 Equites

106 3767 139 3818 ab
155 3769 286 3834 superiora
303 3763 378 3815 bello.
396 3763 439 3816 Ci-
455 3783 481 3825 r,
499 3765 523 3814 6.
542 3759 600 3813 Ho—
666 3761 693 3838 h.
712 3759 729 3811 l.
748 3779 803 3813 uon
826 3769 892 3838 suut
905 3763 925 3812 ii
943 3759 1054 3854 milites,
1079 3761 1124 3878 qui
1140 3777 1192 3838 pe·

77 3845 218 3886 ecmannus.
667 3827 767 3886 ditibus
793 3845 894 3899 opponi
919 3827 1024 3892 solent,
1051 3847 1087 3880 ser
1123 3845 1192 3879 cives

109 3899 241 3952 resedisse.
260 3897 303 3950 Al.
318 3895 444 3949 residisse.
462 3895 507 3949 sic
519 3905 547 3947 ct
559 3894 599 3947 ed.
668 3897 768 3948 ordinis
787 3896 929 3966 equestris,
967 3894 1036 3947 uales
1048 3913 1071 3946 c.
1085 3899 1117 3945 so
1130 3895 1191 3944 init.

78 3966 186 4019 Mediol.
203 3970 274 4032 1478.
291 3963 447 4036 llletophora
461 3961 494 4015 ah
506 3965 602 4020 exstin-
670 3961 861 4032 intelliguntur.
907 3913 992 4013 Veilsa
1009 3962 1054 4012 secl
1071 3973 1096 4011 er
1114 3959 1197 4020 dubia,

79 4033 298 4153 “idilssii...
315 4100 347 4152 1..
365 4097 425 4170 ..aa
443 4097 602 4170 quibusdam
669 4027 1196 4176 tttttttltl.ttl;¹t⁰.tf’.lt¹.³5‘¹{tft

80 4171 177 4238 reperi,
192 4187 250 4220 nsos
259 4170 363 4240 finest.
376 4166 422 4219 Sic
434 4165 602 4234 etmetaphr.
671 4167 743 4216 Rom.
796 4173 866 4216 nitus
884 4163 965 4215 deest
984 4163 1014 4216 Sr
1032 4163 1123 4215 absint
1139 4182 1196 4215 vor⁴

81 4235 170 4288 Graec.
186 4245 229 4300 τὴν
245 4249 306 4306 σφῶν
321 4247 400 4306 χῶραν
417 4235 602 4303 διαφυλάττουσι.
672 4231 721 4308 ho,
731 4183 824 4291 redierat,
835 4251 913 4283 nomo
931 4231 1068 4284 desideret.
1086 4231 1126 4283 De
1139 4250 1197 4282 oro·

82 4303 225 4438 Mpeditas,
241 4375 286 4445 qn
298 4401 330 4421 ,-
341 4380 531 4424 amaveram.
561 4367 603 4423 cf.
672 4299 965 4420 “idololidid'hh
982 4378 1038 4418 aar..
1057 4365 1160 4428 onera,
1179 4364 1198 4424 r.

87 4454 110 4498 r.
130 4439 168 4504 48·
187 4439 224 4494 M·
673 4453 695 4492 e.
715 4453 761 4508 prr
778 4443 861 4494 toturn
878 4433 1004 4492 Galliam.
