2986 5268
342 425 439 532 274
709 440 764 498 nr,
798 437 932 500 nstro
967 439 1088 500 osen.

390 639 452 714 50.
479 643 605 733 Quum
634 639 815 714 acerrime
837 641 1046 713 comminus
1065 645 1312 740 pugnaretur,
1329 639 1443 715 hostes

336 753 422 826 loco
438 759 477 828 et
491 777 660 838 numero,
672 755 787 828 nostri
807 755 947 828 virtute
965 753 1214 828 confiderent:
1233 754 1444 846 subitosnnt

337 867 458 941 Aedui
485 869 586 958 visi,
612 869 659 940 ab
686 867 802 942 latere
830 869 965 942 nostris
992 874 1144 968 aperto,
1184 891 1278 966 quos
1320 871 1445 944 Caesar

335 983 383 1056 ab
411 983 543 1057 dextra
569 989 676 1082 parte
716 982 789 1059 alio
816 983 1024 1072 adscensu,
1064 1006 1197 1055 manus
1224 983 1445 1056 distinendae

335 1125 484 1191 caussa,
503 1101 666 1174 miserat.
685 1101 733 1172 lli
752 1099 992 1174 similitudine
1011 1122 1201 1172 armorum
1215 1099 1444 1172 vehementer

332 1225 481 1292 nostros
523 1223 830 1318 perterruerunt:
858 1243 923 1306 ac,
950 1217 1100 1290 tametsi
1120 1216 1259 1290 dextris
1285 1217 1443 1291 humeris

332 1335 486 1408 exsertis
504 1331 917 1416 animadvertebantur,
932 1331 1032 1430 quod
1052 1332 1193 1430 insigne
1213 1332 1357 1429 pacatis
1372 1357 1443 1404 esse

332 1458 553 1541 consuerat,
579 1457 707 1524 tamen
732 1449 770 1522 id
796 1451 918 1546 ipsum
944 1449 1000 1520 sui
1028 1446 1177 1520 fallendi
1205 1473 1336 1522 caussa
1354 1450 1440 1521 mili-

330 1573 387 1640 tes
413 1569 459 1640 ab
486 1567 655 1640 hostibus
682 1564 824 1637 facturn
861 1563 1135 1636 existimabant.
1169 1561 1314 1634 Eodem
1348 1569 1442 1634 tem·

328 1711 418 1784 pore
436 1688 478 1757 L.
492 1685 628 1756 Fabius
646 1683 848 1769 Centurio,
866 1679 1005 1778 quique
1025 1703 1099 1750 rina
1117 1703 1270 1752 murum
1288 1679 1439 1753 adscen-

330 1803 491 1890 derant,
518 1799 766 1873 circumventi
795 1802 908 1894 atque
925 1795 1113 1868 interfecti
1135 1793 1180 1868 de
1198 1819 1309 1868 muro
1338 1823 1439 1894 prae·

329 1916 545 2012 cipitsntur.
570 1913 623 1984 M.
649 1911 842 2000 Petreius,
869 1897 1034 1983 eiusdem
1060 1907 1214 2010 legionis
1239 1911 1438 2004 Centurio,

329 2055 444 2130 quum
472 2035 598 2130 portas
624 2027 791 2101 excidere
818 2033 975 2102 conatus
1014 2033 1135 2116 esset,
1161 2053 1184 2100 a
1205 2027 1438 2106 multitudine

328 2149 526 2247 obpressus
553 2171 598 2220 ac
626 2144 694 2217 sibi
721 2141 945 2240 desperans,
971 2141 1100 2216 multis
1126 2143 1200 2215 iam
1230 2145 1439 2222 vulneribus

328 2268 491 2367 acceptis
510 2321 520 2356 ,
546 2259 839 2362 manipularibus
856 2261 950 2350 suis,
969 2261 1031 2360 qui
1049 2260 1153 2334 illum
1171 2265 1288 2358 secuti
1317 2274 1441 2353 erant,

327 2384 523 2484 Quoniam,
537 2375 682 2477 inquit,
698 2401 755 2450 nic
771 2401 844 2448 una
857 2377 1034 2452 vobiscum
1048 2401 1189 2452 servare
1204 2407 1274 2452 non
1282 2407 1439 2479 possum,

326 2513 461 2574 vostrae
479 2496 620 2595 quidem
646 2507 740 2568 certe
765 2495 857 2567 vitae
880 2497 1118 2591 prospiciant,
1143 2519 1232 2593 quos
1249 2499 1440 2595 cupiditate

320 2612 462 2708 glorios
470 2609 645 2682 adductus
654 2612 692 2679 in
701 2607 901 2705 periculum
911 2608 1055 2680 deduxi.
1075 2607 1109 2678 V
1105 2610 1247 2699 os,doto
1244 2611 1440 2706 serenitate,

324 2729 421 2803 vobis
447 2727 631 2801 consulite.
657 2723 768 2798 simul
793 2727 831 2797 in
856 2725 998 2799 medios
1017 2727 1134 2801 hostis
1158 2729 1318 2826 inrupit,
1345 2730 1442 2804 doo-

323 2844 467 2943 busque
493 2841 715 2931 interfectis,
739 2839 901 2939 reliquos
917 2869 939 2914 a
965 2847 1072 2942 porta
1098 2843 1262 2940 paullum
1289 2846 1441 2922 submo-

322 2964 393 3036 vit.
419 2959 651 3036 Conantibus
677 2957 846 3032 auxiliari
873 2959 973 3048 suis,
1001 2959 1147 3048 Fustro,
1172 2960 1321 3058 inquit:
1341 2992 1442 3039 mene

325 3080 417 3152 vitoe
441 3075 624 3148 subvenire
650 3077 846 3159 conamini,
873 3098 975 3170 quem
1001 3075 1072 3142 inm
1098 3079 1250 3172 songtn‘s
1277 3081 1442 3176 viresqne

322 3188 513 3286 deficiunt:
535 3189 686 3289 proinde
710 3187 796 3260 binc
821 3189 937 3276 obite,
963 3187 1050 3260 dum
1075 3203 1128 3262 esi
1138 3189 1335 3285 facultas,
1362 3224 1442 3270 ρος.
1479 3261 1480 3274 ἢ

313 3331 388 3401 ¹noe
411 3305 462 3376 nd
483 3305 659 3403 legionem
677 3306 833 3398 recipite.
860 3304 919 3374 lta
932 3289 1101 3403 pugnans
1125 3312 1212 3404 post
1225 3307 1441 3406 paullulum

320 3423 484 3496 concidit
510 3445 554 3494 ac
581 3421 656 3493 suis
683 3419 793 3493 saluti
822 3419 906 3493 fuit,

371 3541 431 3613 51.
456 3537 615 3632 Nostri,
640 3559 758 3634 quum
786 3535 948 3636 nardique
991 3544 1273 3640 premerentur,
1317 3543 1442 3616 XLVI

350 3737 381 3787 ab
398 3737 481 3788 latere
505 3741 601 3786 nostris
621 3747 727 3806 merto,
744 3732 790 3786 ubi
808 3733 842 3786 ad
908 3735 967 3787 cisia
992 3755 1117 3788 erasme.
1143 3738 1215 3806 Virg.
1243 3741 1311 3790 Aen.
1334 3756 1360 3802 r,
1381 3751 1439 3810 49².

319 3813 421 3856 nostros
438 3803 504 3856 adiri
522 3811 632 3873 potarat.
677 3801 717 3854 Da
742 3797 842 3854 Aeduis
908 3817 1012 3854 esserra
1028 3821 1149 3854 niam-ira.

319 3871 371 3924 rid.
388 3889 410 3924 c.
428 3875 470 3936 ⁴⁵·
488 3879 553 3924 extr.
572 3871 614 3922 M.

350 3963 426 4016 simil.
443 3981 583 4016 armonem.
635 3964 715 4016 Arma
732 3961 841 4016 Gallicis

315 4031 394 4082 armis
422 4030 519 4084 similia
551 4027 704 4091 habebant,
729 4023 841 4100 ideoque

316 4095 403 4148 bostis
420 4115 474 4151 esse
491 4095 660 4150 ridebantur.
678 4097 721 4149 M.

314 4200 448 4320 Dbumeri
463 4206 574 4262 esseni,
600 4202 720 4280 vestibus
738 4203 839 4255 nudati.

314 4287 444 4414 cp‘di‘wtdinsi
458 4268 616 4392 Grpiisfiioi
622 4271 841 4398 istiibbidbbl'ieguizi

315 4399 840 4534 tsittainitiasset

939 3875 1047 3939 paratis.
1065 3869 1142 3924 Libri
1158 3873 1249 3940 scripti
1268 3871 1361 3932 multi,
1377 3879 1437 3924 insi·

905 3957 955 4006 gne
969 3951 1102 4007 pacatum,
1115 3937 1141 3989 lr.
1159 3959 1181 3990 c.
1201 3941 1302 4008 insigne
1322 3941 1437 4010 pacisci

906 4006 1050 4058 amicitiae:
1063 4023 1144 4076 qnam
1155 4005 1295 4058 lectionem
1307 4009 1337 4059 iu
1355 4011 1438 4078 potin

907 4073 1073 4143 praeferrem.
1093 4075 1131 4124 M.

938 4141 970 4190 de
985 4157 1058 4190 moro
1073 4155 1157 4210 proed.
1175 4140 1231 4194 Alii
1246 4157 1329 4191 naim.

939 4207 976 4256 M.
996 4207 1121 4259 Petreius.
1150 4207 1206 4262 Alii
1223 4217 1250 4260 et
1266 4207 1358 4260 Celsus
1377 4207 1433 4257 Pe·

905 4279 1013 4325 ironias.

939 4341 984 4390 sibi
1000 4341 1044 4392 des
1061 4359 1146 4394 sr'cvrs.
1164 4341 1219 4394 Alii
1230 4347 1276 4394 sui.
1291 4339 1368 4394 Prius
1381 4355 1431 4408 ΡΝ

905 4413 1012 4458 excitcre
1029 4359 1074 4458 alii
1091 4407 1244 4460 exsciriderc.

938 4487 1036 4526 vestm
1053 4479 1128 4528 vitoe.
1146 4475 1199 4530 Atii
1216 4479 1302 4530 saluti.
