3060 5276
307 419 310 426 ·
376 381 469 500 466
701 389 705 396 ’
742 415 796 474 ne
832 415 967 474 orico
1003 411 1131 474 crvier

371 617 479 705 facile
506 617 746 692 eniterentur.
800 619 873 692 Sed
900 623 1197 718 praeoccupatus
1230 619 1378 692 animus
1418 613 1487 692 dt·

371 735 560 804 tianorum
589 733 752 807 militum
779 737 915 808 timore
943 740 982 806 et
1009 735 1099 834 fuga
1120 738 1160 806 et
1177 733 1290 805 caede
1316 757 1488 820 suorum,

370 848 462 922 nibil
489 850 533 921 de
560 851 763 924 resistendo
792 851 1011 952 cogitabat,
1046 873 1249 947 omnesque
1273 851 1351 922 iarn
1379 874 1420 922 se
1448 853 1487 922 ab

370 969 539 1061 equitatu
566 967 829 1039 circumveniri
856 966 1147 1038 arbitrabantur.
1200 965 1331 1061 ltaque
1360 966 1487 1063 prius,

370 1107 484 1180 qnam
512 1081 630 1156 telum
658 1083 766 1157 adiici
795 1091 945 1182 posset,
986 1087 1054 1154 aut
1094 1081 1211 1154 nostri
1244 1083 1402 1179 propius
1430 1107 1487 1153 ac-

370 1201 573 1290 cederent,
606 1201 727 1272 omnis
768 1199 854 1271 Vari
883 1201 980 1270 acies
1007 1205 1114 1298 terga
1147 1201 1270 1271 vertit
1304 1223 1423 1296 seque
1457 1201 1488 1272 in

284 1299 287 1310 ’
370 1322 494 1388 castra
521 1297 674 1414 recepit.
854 1367 857 1374 λ

421 1431 483 1502 35.
497 1432 580 1521 Qua
600 1431 636 1500 in
656 1429 742 1528 fuga
760 1427 896 1501 Fabius
923 1425 1098 1528 Pelignus
1128 1423 1307 1524 quidam,
1336 1450 1387 1498 ex
1409 1427 1484 1498 inli-

373 1547 444 1618 mis
471 1545 662 1623 ordinibus
688 1544 734 1617 de
760 1545 926 1617 exercitu
953 1544 1149 1634 Curionis,
1170 1543 1332 1642 primum
1358 1568 1487 1643 agmen

367 1659 591 1758 fugientium
619 1664 867 1742 consecutus,
896 1683 1032 1758 magna
1059 1681 1152 1730 voce
1168 1657 1317 1734 Varum
1338 1661 1486 1730 nomine

371 1774 560 1874 adpellans
575 1776 789 1884 requirebat
810 1803 818 1844 :
844 1783 899 1848 uti
931 1801 1028 1848 unus
1046 1799 1123 1847 esse
1145 1799 1191 1847 ex
1209 1776 1288 1848 eius
1305 1776 1485 1849 militibus

370 1893 408 1960 et
435 1911 586 1960 monere
614 1889 751 1985 aliquid
769 1887 862 1961 velle
880 1889 1060 1963 aedicere
1081 1889 1285 1962 videretur.
1312 1889 1390 1962 Ubi
1410 1890 1484 1980 ille,

366 2003 532 2102 saepius,
547 2003 751 2104 adpellatns
770 2003 939 2103 adspexit
956 2029 1000 2077 ac
1018 2005 1157 2076 restitit
1171 2011 1231 2092 et,
1264 2005 1351 2100 quis
1366 2011 1481 2089 esset,

369 2123 437 2187 aut
463 2117 552 2214 quid
579 2116 716 2208 vellet,
742 2121 952 2218 quaesivit3
987 2119 1185 2191 humerum
1213 2124 1391 2217 apertum
1418 2119 1481 2217 gla

292 2285 296 2296 .
370 2229 602 2330 dio-adpetit
628 2233 868 2331 paullumque
896 2233 1044 2323 abluit,
1077 2234 1167 2331 quin
1195 2235 1340 2304 Varum
1368 2235 1480 2305 inter·

365 2347 519 2422 ficeret:
555 2349 655 2446 quod
690 2349 750 2423 ille
786 2347 1019 2450 periculum,
1059 2349 1208 2422 sublato
1235 2349 1394 2420 adeius
1421 2373 1479 2422 co-

364 2471 498 2537 natum
524 2473 660 2554 scuto,
686 2468 833 2539 vitavit.
860 2465 1019 2549 Fabius,
1048 2491 1068 2538 a
1097 2465 1274 2564 proximis
1301 2465 1479 2539 militibus

365 2579 672 2668 circumventus,
699 2579 935 2652 interficitur.
988 2581 1069 2652 Hac
1096 2579 1320 2679 fugientium
1351 2579 1479 2653 multi-

363 2693 495 2766 tudine
523 2721 566 2768 ac
594 2696 704 2767 turba
725 2701 856 2794 portae
878 2701 1090 2768 castrorum
1109 2701 1350 2792 occupantur
1368 2704 1478 2794 atque

363 2811 436 2882 iter
460 2812 677 2908 inpeditur;
720 2811 916 2910 pluresque
943 2814 980 2884 in
1008 2837 1053 2884 eo
1080 2810 1165 2884 loco
1190 2813 1268 2884 sine
1297 2811 1478 2903 vulnere,

364 2951 478 3023 quam
496 2929 534 3000 in
552 2928 691 3028 proelio
711 2933 777 3002 aut
796 2928 911 3028 luga,
937 2930 1156 3017 intereunt,
1175 2953 1295 3026 neque
1315 2929 1479 3004 multum

364 3047 509 3131 abfuit,
543 3050 774 3144 quinetiam
809 3047 941 3119 castris
968 3045 1268 3146 expellerentur:
1306 3073 1352 3121 ac
1389 3073 1479 3122 non-

361 3157 452 3232 nulli
472 3161 639 3257 protinus
659 3162 788 3233 eodem
808 3185 921 3233 cursu
939 3163 975 3232 in
992 3161 1168 3260 oppidum
1189 3161 1478 3236 contenderunt.

361 3273 461 3362 Sed,
487 3297 601 3370 quurn
622 3274 693 3348 loci
714 3282 848 3348 natura
868 3283 907 3348 et
925 3277 1085 3348 munitio
1102 3283 1312 3349 castrorum
1331 3276 1478 3350 aditum

360 3388 608 3486 prohibebat;
636 3397 718 3463 tum
746 3389 847 3488 quod
866 3390 912 3462 ad
931 3390 1115 3489 proelium
1141 3391 1276 3492 egressi
1303 3393 1478 3468 Curionis

354 3730 585 3837 -Apr-aeosmpntur
601 3723 710 3770 animm.
744 3718 788 3772 Sic
803 3719 881 3772 codd.
981 3721 1112 3775 hmoernm
1129 3738 1259 3793 apertura,
1276 3725 1327 3780 boc
1346 3739 1400 3790 est,
1416 3732 1474 3785 dex·

395 3805 413 3836 lt

434 3791 624 3854 praeoccupatis
646 3790 738 3836 animis
757 3815 790 3826 -
811 3791 881 3858 cogi·
948 3797 1040 3850 trum,
1069 3792 1116 3863 qni
1145 3801 1216 3846 scuto
1247 3811 1304 3847 nou
1333 3795 1474 3864 tegebatur.

357 3854 454 3904 labarit.
472 3851 513 3902 vel
529 3858 701 3920 praeoccupati
718 3858 806 3904 animi.

390 3932 416 3970 et
424 3919 503 3990 suga.
529 3919 616 3971 Metel.
635 3939 661 4000 p.
681 3924 738 3973 268.
756 3921 831 3972 malit
848 3941 881 3974 et

350 3985 425 4058 firgo.
449 4005 503 4104 spon
521 3985 603 4104 ilipula,
626 4005 655 4068 ar·
670 3987 747 4041 codd.
770 3988 880 4042 addice-

355 4063 432 4174 dbdll.
452 4057 798 4192 retplosuilvdllorlenlblrddr
807 4068 879 4174 ⁴5illide-

355 4194 389 4239 tis
405 4189 493 4239 oudav.
511 4191 593 4242 sicet
611 4185 650 4251 3,·
668 4198 708 4243 18.
727 4209 775 4260 pro
790 4193 879 4240 marso

354 4273 387 4372 {x
397 4255 588 4391 llilollmle
605 4257 681 4310 codd·
700 4256 810 4334 quidum
833 4258 879 4310 ba·

375 4337 405 4370 eu
437 4339 450 4372 e
489 4341 584 4392 rigore.

355 4389 469 4503 ddicere
486 4393 621 4442 videretur.
667 4389 781 4446 lurinius
800 4390 879 4456 mali.t

374 4470 454 4510 ocere.

948 3859 1065 3910 Vossius.

981 3962 1040 4016 Hac
1050 3964 1109 4035 sug.
1127 3964 1172 4020 sic
1185 3964 1262 4019 codd.
1279 3969 1402 4038 quidam.
1420 3973 1472 4028 Alii

946 4032 997 4092 Ac,
1017 4033 1080 4084 item
1097 4033 1131 4084 A.

979 4140 1075 4189 aditum
1097 4139 1255 4207 prohibebat.
1295 4143 1382 4198 Banu.
1410 4145 1473 4199 velit

944 4207 1016 4256 aditu
1030 4206 1207 4274 prohibebant.

977 4337 1031 4374 tum
1048 4323 1125 4394 quod.
1145 4325 1175 4378 ld
1193 4339 1257 4388 urm,
1276 4327 1347 4380 male
1370 4341 1432 4384 ente
1447 4343 1471 4380 rt

943 4396 1051 4444 monitio
1069 4397 1203 4459 positum,
1218 4395 1268 4448 boc
1279 4415 1294 4449 e
1304 4397 1381 4452 cedd.
1403 4407 1471 4451 tran·

943 4457 1017 4511 stulit
1034 4458 1103 4512 oud:
