3026 5264
381 265 476 382 844
746 294 800 356 ns:
836 297 970 358 nanno
1005 281 1128 361 crui.

377 507 466 574 tura
492 497 733 598 prohibebat;
761 503 813 575 sic
840 501 939 576 enim
966 503 1005 576 in
1031 505 1115 578 imis
1140 501 1317 576 radicibus
1340 501 1448 576 rnonlis

377 617 584 704 serebatur,
613 621 656 688 ut
683 615 823 688 oullarn
850 619 887 692 in
914 625 1062 716 partem
1089 619 1265 719 depressis
1289 619 1380 693 fossis
1402 621 1451 692 de·

378 733 494 806 rivari
523 737 658 831 posset.
686 732 778 803 Erat
796 739 923 804 aulem
942 733 1137 834 oppidanis
1155 729 1307 806 difficilis
1323 742 1357 806 et
1372 757 1452 832 prae-

378 853 512 945 ruptus
539 871 582 918 eo
609 847 826 933 descensus,
853 855 916 936 ut,
944 849 1226 947 prohibentibus
1245 847 1453 933 nostris,sine

378 960 596 1032 volneribus
637 985 680 1033 ac
721 960 887 1059 periculo
916 965 1017 1037 vitae
1058 987 1177 1061 neque
1204 960 1302 1032 adire
1326 957 1454 1044 flumen,

377 1101 500 1175 neque
527 1075 644 1150 arduo
671 1101 709 1148 se
736 1078 900 1176 recipere
927 1089 1078 1178 possent
1106 1079 1296 1152 adscensu.
1321 1079 1392 1168 Qua
1408 1074 1455 1144 dil-

379 1191 549 1265 ficultate
577 1215 709 1264 eorum
737 1193 912 1291 cognita,
935 1195 1090 1284 Caesar,
1116 1191 1315 1293 sagittariis
1332 1186 1457 1262 fundito·

272 1367 274 1372 .
379 1311 557 1406 ribusque
584 1310 790 1407 dispositis,
816 1311 1013 1382 tormentis
1033 1312 1147 1383 etiam
1165 1305 1377 1406 quibusdam
1393 1303 1457 1374 locis

380 1435 514 1501 contra
541 1425 736 1498 facillimos
756 1425 953 1500 descensus
975 1425 1202 1514 conlocatis,
1220 1449 1315 1523 aqua
1332 1420 1458 1495 dominis
1481 1519 1482 1526 ἵ

380 1541 605 1640 prohibebat
632 1539 854 1639 oppidanos,
880 1565 1041 1638 quorum
1069 1542 1190 1612 omnis
1217 1545 1343 1638 postea
1366 1532 1459 1608 multi·

382 1661 477 1732 tudo
505 1663 685 1754 aquatum
714 1681 829 1728 unum
856 1658 894 1729 in
921 1655 1046 1730 locum
1073 1656 1334 1728 conveniebat.
1481 1693 1482 1696 ι

434 1782 496 1865 dr.
523 1775 601 1848 Sub
627 1775 750 1871 ipsum
777 1774 875 1846 enim
902 1773 1025 1872 oppidi
1053 1797 1207 1846 morum
1231 1757 1383 1874 'magnus
1404 1766 1460 1838 lons

383 1911 505 1986 aquae
527 1887 819 1988 prorumpebat,
847 1888 893 1958 ab
920 1911 963 1958 ea
991 1893 1121 1986 parte,
1149 1911 1247 1983 qnae
1267 1887 1341 1958 fere
1358 1881 1482 1982 pedon

382 2001 479 2076 CCC
507 2001 704 2076 intervallo
731 1999 893 2074 fluminis
912 2003 1071 2074 circuitu
1093 2002 1266 2075 vacabat.
1293 2002 1371 2072 Hoc
1387 1996 1461 2068 fonte

382 2115 569 2216 prohiberi
611 2141 717 2216 posse
755 2117 960 2215 oppidanos
986 2141 1102 2214 quum
1130 2123 1307 2214 optarent
1337 2107 1463 2206 reliqui,

383 2233 520 2304 Caesar
548 2255 647 2304 unus
671 2231 815 2305 videret
830 2253 841 2318 3
869 2255 888 2304 e
908 2233 1058 2329 regione
1076 2233 1155 2304 eius
1170 2232 1297 2302 vineas
1312 2249 1408 2326 agere
1421 2220 1463 2292 ad
1481 2267 1482 2310 3

383 2371 514 2422 versus
540 2355 729 2434 montem,
756 2353 795 2420 et
821 2370 973 2446 aggeres
999 2351 1181 2420 instruere
1200 2347 1345 2444 coepit,
1363 2357 1464 2436 magno

384 2491 473 2540 curn
499 2463 626 2539 labore
645 2472 684 2538 et
702 2467 880 2537 continua
896 2463 1148 2538 dimicatione.
1174 2463 1360 2561 Oppidani
1379 2459 1482 2548 enin}

381 2577 468 2652 loco
506 2581 695 2677 superiore
733 2577 999 2667 decurrentes,
1039 2578 1183 2650 eminus
1222 2579 1301 2649 sine
1336 2565 1467 2674 periculo

383 2691 691 2790 praeliabantur,
728 2693 942 2791 multosque
982 2695 1223 2792 pertinaciter
1263 2689 1482 2766 succedentesl

383 2809 654 2896 vulnerabant;
696 2815 739 2882 ut
779 2816 905 2884 tamen
947 2835 1021 2883 non
1063 2809 1342 2884 deterrerentur
1367 2802 1470 2877 milites

385 2928 502 3001 nostri
530 2927 657 2999 vineas
685 2926 878 3026 proferre,
902 2935 1014 3025 atque
1042 2926 1214 3026 operibus
1239 2925 1405 3000 locorum
1421 2918 1482 2990 virs

388 3067 473 3118 cere
502 3039 756 3117 difficultates·
783 3043 924 3117 Eodem
953 3051 1122 3143 ternpore
1156 3048 1280 3117 tectos
1316 3035 1472 3116 cuniculos

420 3351 552 3460 wurm-
570 3337 626 3391 Alii
643 3351 805 3410 aquatorum.

491 3411 571 3476 ipsum
589 3417 637 3458 etc.
687 3407 742 3458 Hoc
760 3407 791 3459 ad
810 3425 916 3478 praece-

388 3476 479 3532 dantia
482 3477 575 3592 'prefert
592 3475 680 3526 Daris.
699 3482 726 3525 et
743 3485 804 3544 post
816 3494 916 3526 murum

425 3544 466 3594 nit
514 3547 531 3592 ι’.

388 3563 487 3680 Ροᾳιιαθ
497 3611 632 3728 suminis
659 3613 764 3660 circuito
792 3611 915 3672 vocabat,

389 3695 494 3752 prnsus
518 3679 748 3738 isvscua,s.non
767 3685 915 3739 testamen

391 3745 503 3799 obducta
513 3751 568 3794 erat
582 3743 693 3795 flumine
708 3783 716 3806 ,
738 3744 916 3797 circumcunte

387 3821 477 3865 totum
497 3811 557 3892 'lere
581 3811 720 3882 oppidum·
749 3813 792 3865 M.
822 3812 878 3864 Alii
898 3831 916 3864 a

427 3900 461 3932 ιιι.
479 3897 538 3930 circ.

379 3883 475 4000 finon
487 3949 541 3998 sine
551 3964 644 4016 arogno
655 3947 766 4014 periodo
779 3955 841 4017 post
852 3966 916 3998 unus

390 4017 495 4068 videret.
525 4013 662 4066 Omittnnt
679 4013 743 4068 haec
759 4013 835 4066 verba
853 4013 917 4066 libri

390 4083 484 4154 scripti
496 4081 673 4151 antiquissimi
692 4091 720 4134 et
736 4083 845 4152 optimi,
861 4089 917 4134 tum

390 4153 469 4201 ceteri
487 4147 565 4200 etiarn
583 4148 738 4218 complures.
772 4149 867 4215 Recte,
885 4159 917 4201 ut

390 4217 499 4271 Vossius
516 4216 598 4268 vidit:
617 4235 680 4268 nom
698 4219 765 4269 foret
783 4235 918 4289 propemo-

391 4281 456 4336 dum
481 4283 642 4353 tautologia,
667 4285 690 4336 si
715 4283 758 4337 bic
782 4303 834 4336 non
863 4289 918 4336 sine

392 4369 486 4422 magico
507 4352 634 4420 periculo,
660 4369 722 4406 nox
745 4369 840 4424 magno
863 4370 918 4405 arm

981 3341 1031 3391 lob.
1050 3350 1076 3390 et
1094 3349 1160 3390 cont.
1185 3339 1269 3390 dinuo
1293 3339 1421 3392 rliceretur.
1448 3325 1475 3382 dl·

982 3407 1114 3528 lEeoerbu
1132 3425 1146 3459 e
1163 3423 1218 3478 seq.
1235 3405 1288 3460 buc
1307 3409 1435 3476 inrepsera
1448 3397 1476 3448 dt*

993 3494 1042 3527 err.

981 3573 993 3596 ι
1016 3545 1136 3594 adversus
1164 3553 1284 3594 montem.
1336 3539 1390 3593 Alii
1411 3543 1476 3586 coum

982 3623 1099 3662 montem.
1118 3609 1185 3662 vida
1203 3617 1259 3660 not
1276 3609 1311 3662 ad
1330 3623 1356 3672 7,
1373 3609 1410 3658 62.

1015 3697 1119 3746 aggeres
1136 3681 1271 3728 instruere.
1291 3675 1345 3729 Alii
1363 3686 1452 3726 errrore·

1016 3747 1176 3795 decurrentes
1193 3753 1243 3796 etc.
1261 3743 1318 3796 Alii
1335 3743 1479 3794 dearmml‘

980 3813 1143 3882 proeliantur
1164 3839 1197 3850 -
1217 3811 1356 3862 νιιΙνιει-αηι
1371 3837 1401 3848 -
1416 3807 1479 3856 delet*

983 3892 1081 3930 renuo.

1017 3949 1184 4006 succedenter,
1198 3946 1350 4000 accedentes
1366 3945 1482 3997 Romanor

983 4013 1037 4066 vicl.
1055 4014 1113 4066 lud.
1131 4014 1173 4066 M.

1017 4093 1043 4132 et
1059 4083 1146 4132 labore
1156 4089 1217 4133 aute
1228 4093 1306 4152 atque
1317 4081 1432 4162 open'bos.
1442 4075 1482 4122 nul

985 4151 1200 4202 exsnrinanrt.
1222 4159 1249 4202 at
1271 4149 1350 4203 hano
1372 4143 1438 4201 codd.
1475 4167 1482 4182 ·

984 4218 1124 4286 Expunxi3
1141 4217 1274 4286 superflua
1291 4217 1377 4287 plane.

1019 4285 1143 4336 cuniadas
1154 4285 1284 4356 -sonris¹
1301 4285 1371 4336 Haec
1380 4280 1446 4334 lectio
1454 4275 1482 4322 erl

986 4350 1020 4406 ab
1037 4353 1144 4425 ingenio
1160 4351 1278 4415 Davisii,
1294 4350 1373 4405 doct·
1390 4349 1482 4402 tanen*
