3000 5268
384 196 394 262 l

339 401 431 464 trra.
452 401 491 464 v.
525 403 617 464 car.
657 369 833 494 37—40.
1059 401 1140 494 ¹7¹

49 628 125 694 nes,
150 593 338 692 Grndios,
361 605 549 694 Lenaeos,
575 605 829 692 Pleumosios,
857 592 1065 694 Geidunos,
1084 605 1149 702 qni
1207 613 1210 618 '

49 742 167 798 omnes
193 719 262 790 sub
299 719 428 792 eorum
469 721 623 818 imperio
663 726 768 806 sunt,
814 742 928 814 quarn
968 721 1150 790 maximas

47 859 171 907 manns
198 844 375 932 possunt,
398 841 539 932 cogunt
567 842 604 907 et
632 836 676 906 de
703 837 905 932 improviso
934 832 979 906 ad
999 837 1151 908 Cicero-

47 955 98 1026 uis
123 951 274 1021 hiberna
301 949 504 1038 advolant,
532 949 697 1021 nondum
724 949 768 1021 ad
797 974 884 1020 eum
910 948 1009 1020 lama
1029 949 1073 1020 de
1092 951 1152 1022 Ti·

46 1068 130 1140 turii
157 1069 291 1138 mortc'
306 1065 460 1162 perlata.
488 1065 584 1137 Huic
612 1073 760 1162 quoq'ue
784 1066 941 1150 accidit,
962 1067 1060 1163 qrrod
1081 1067 1152 1139 fnit

47 1203 207 1267 necesse,
231 1187 277 1252 ut
303 1178 468 1250 nonnulli
498 1179 657 1270 milites,
696 1181 758 1278 qui
794 1180 1005 1278 lignationis
1033 1183 1153 1254 muni-

46 1299 222 1394 tionisque
257 1317 387 1368 caussa
425 1298 463 1366 in
485 1294 614 1374 ,silvas
648 1297 923 1385 discessissent,
957 1302 1152 1396 repentino

47 1419 208 1511 equitum
237 1413 401 1484 adventu
429 1413 751 1510 interciperentur.
780 1413 846 1484 llis
867 1415 1152 1506 circumventis,

48 1551 175 1626 magna
203 1551 317 1598 manu
346 1528 558 1613 Eburones,
585 1529 733 1615 Nervii,
751 1525 938 1600 Aduatuci
959 1537 1070 1624 atque
1088 1527 1153 1601 ho·

47 1665 124 1712 rum
151 1645 320 1714 omnium
349 1648 436 1712 socii
464 1645 501 1713 et
529 1641 708 1730 clientes,
736 1641 918 1739 legionem
938 1642 1153 1739 obpugnare

49 1759 251 1858 incipiunt:
279 1760 394 1830 nostri
423 1759 593 1830 celeriter
619 1757 664 1829 ad
683 1783 785 1832 arma
805 1765 1058 1848 concurrunt,
1078 1760 1154 1832 val-

49 1873 120 1948 lum
146 1877 416 1950 conscendunt.
452 1878 571 1972 Aegre
598 1877 628 1946 is
655 1875 732 1947 dies
760 1884 1012 1964 sustentatur,
1053 1876 1154 1974 qnod

50 2013 192 2064 onlnem
222 2015 326 2088 spem
353 1993 477 2062 bostes
503 1991 540 2061 in
568 1990 759 2062 celeritate
801 1991 989 2087 ponebant
1015 1997 1155 2087 atque,

50 2104 138 2181 banc
165 2109 290 2207 adepti
319 2107 536 2196 victoriam,
564 2107 602 2176 in
630 2114 850 2204 perpetuum
877 2129 913 2177 se
938 2105 1017 2178 fore
1037 2109 1155 2180 victo·

49 2249 101 2296 res
126 2227 376 2300 confidebant.

95 2350 152 2430 4ο.
180 2346 387 2416 Mittuntur
413 2337 459 2411 ad
478 2339 674 2411 Caesarem
692 2337 889 2411 confestim
908 2337 955 2410 ab
974 2340 1153 2414 Cicerone

49 2456 207 2546 litterae,
234 2459 379 2556 magnis
408 2455 604 2554 propositis
632 2455 823 2552 praemiis,
848 2457 876 2527 si
904 2455 1154 2552 pertulissent.

47 2577 208 2650 Obsessis
238 2575 410 2649 omnibus
439 2573 531 2657 viis,
559 2571 656 2641 missi
686 2572 986 2669 intercipiuntur.
1027 2577 1156 2650 Noctu

47 2717 87 2765 ex
114 2720 155 2770 ea
182 2694 368 2780 materia,
395 2713 508 2787 quam
535 2687 750 2758 munitionis
782 2712 912 2766 carissa
939 2699 1155 2788 comporta.

47 2815 199 2892 verant,
229 2813 352 2879 turres
377 2801 578 2877 admodum
597 2802 698 2872 CXX
715 2805 928 2877 excitantur
946 2807 1153 2882 incredibili

47 2921 254 2995 celeritate:
283 2944 377 3018 quac
405 2917 527 2993 deesse
559 2918 659 3024 operi
694 2915 933 3004 ridebantur,
955 2921 1156 3020 perficiun-

47 3025 115 3106 tur.
141 3038 280 3108 Hostes
307 3037 457 3132 postero
485 3029 563 3112 dic,
591 3019 711 3102 multo
738 3023 940 3106 maioribus
959 3035 1075 3132 copiis
1093 3059 1156 3108 co·

47 3150 155 3234 actis,
172 3157 297 3222 eastra
313 3149 550 3244 obpugnant,
566 3143 702 3222 fossam
718 3146 917 3245 complent
945 3149 1001 3220 no
1019 3150 1155 3220 nostris

47 3261 168 3335 eadem
197 3263 365 3346 ratione,
384 3284 456 3357 qua
477 3257 609 3356 pridie,
626 3261 828 3332 resistitur:
848 3263 918 3332 troc
938 3261 1036 3333 idem
1053 3261 1159 3334 dein-.

46 3397 124 3472 ceps
142 3377 296 3474 reliquis
316 3375 356 3452 fit
373 3373 511 3448 diebus,
538 3371 647 3447 Nulla
673 3399 757 3471 pars
786 3377 958 3448 nocturni
974 3376 1154 3474 temporis
1238 3415 1243 3425 ·
1269 3374 1274 3382 ’

45 3491 87 3562 ad
104 3491 272 3566 laborem
292 3489 576 3563 intermittitur:
606 3511 678 3558 non
696 3490 830 3588 aegris,
849 3515 922 3560 non
938 3487 1155 3577 vulneratis,

46 3603 198 3680 facultas
226 3607 364 3704 quietis
390 3603 522 3674 datur:
551 3625 809 3698 quaecumque
832 3603 878 3673 ad
899 3604 1057 3699 proximi
1083 3601 1155 3673 diei

46 3719 360 3820 obpugnationem
375 3742 466 3816 opus
481 3723 706 3805 sunt,nnctu
720 3723 1002 3814 comparantur:
1014 3715 1154 3789 multae

74 3953 141 4007 Hute
157 3971 264 4024 quoquae
280 3953 371 4006 accidit
388 3970 424 4006 su.
441 3953 478 4014 id,
496 3951 567 4023 qnnrl
667 3965 750 4008 turres
769 3942 854 4004 CXX.
877 3949 912 4002 Et
930 3959 997 4002 meto
1020 3949 1102 4003 lrra'sis
1113 3953 1156 4006 ba·

46 4020 397 4140 yerfilc·glpssn)usS‡lggttlg
415 4023 566 4139 leticcoribilee·
633 4019 1156 4140 {leubillctib'iicbillaiim‘lltililtaieiritmbiro

47 4153 128 4206 llaris.
146 4157 201 4215 bic,
222 4163 255 4207 ut
272 4155 319 4209 Gr.
338 4158 446 4210 torrida·
633 4163 688 4208 tem
705 4156 906 4212 Hotomannus,
925 4155 988 4223 quia
1002 4157 1054 4224 ipsi
1073 4158 1156 4208 incre-

634 4223 716 4274 :libile
733 4224 895 4275 visumerat.
920 4225 956 4272 Μ.
989 4223 1086 4273 Vocem
1105 4226 1156 4274 url-

75 4294 224 4356 munitejonr'e
242 4307 350 4352 caussa,
367 4297 396 4342 nt
409 4287 569 4356 conligerent
634 4293 734 4341 niodum
762 4289 890 4342 delevero.
909 4291 1073 4344 recentiores.
1115 4291 1155 4342 lto

49 4365 178 4412 materiam
196 4358 354 4420 muniendi,
371 4353 568 4411 beenlost.
634 4365 724 4408 tamcn
753 4359 832 4410 eoam
858 4357 933 4410 Curt.
963 4367 993 4420 4,
1012 4375 1035 4424 9.
1069 4373 1113 4420 12,
1130 4361 1155 4408 6.

50 4422 122 4488 mles.
140 4427 182 4480 ut
202 4443 264 4495 cap.
285 4435 324 4492 to.
350 4425 393 4478 M.
558 4481 560 4486 ,
631 4425 751 4482 lustinus
771 4441 813 4488 rr,
834 4433 872 4490 ¹4·
890 4425 981 4478 Florus
1000 4441 1027 4487 2,
1044 4427 1069 4484 6.
