3026 5264
340 353 432 474 348
704 385 759 446 us
792 386 928 446 narro
962 385 1085 445 naun.

335 611 443 662 mum
468 593 617 686 tempus
643 595 881 662 consumeret
905 588 1157 662 aestivorum:
1193 609 1308 684 quarn
1343 609 1458 674 rem,

335 705 434 778 sicut
459 693 603 792 cetera,
630 701 801 777 celeriter
825 701 1057 801 feliciterque
1076 700 1261 776 confecit:
1290 723 1455 796 namque

336 843 465 894 omnes
490 820 712 918 Aquitaniae
739 821 912 894 civitates
938 819 1080 920 legatos
1099 818 1250 892 adeum
1269 821 1458 892 miserunt

337 935 555 1035 obsidesque
588 936 621 1009 ei
647 935 843 1010 dederunt.
896 936 1042 1030 Quibus
1068 936 1345 1036 rebusgestis,
1380 936 1457 1034 ipse

336 1073 424 1124 cum
444 1053 628 1148 equitum
667 1051 851 1149 praesidio
891 1050 1107 1124 Narbonem
1143 1050 1340 1150 proiectus
1381 1057 1457 1139 est,

335 1169 543 1242 exercitum
569 1193 634 1268 per
659 1169 819 1269 Legatos
845 1167 884 1240 io
910 1167 1067 1240 hiberna
1085 1166 1260 1241 deduxit:
1289 1174 1459 1265 quatuor

334 1281 497 1382 legiones
536 1283 573 1354 in
607 1280 734 1380 Belgio
761 1281 978 1356 conlocavit
1018 1307 1108 1356 cum
1141 1283 1200 1354 Ma
1221 1283 1395 1380 Antonio
1421 1289 1459 1356 et

333 1401 377 1472 C.
403 1399 589 1472 Trebonio
617 1405 656 1472 et
672 1399 713 1470 P.
729 1399 879 1470 Vatinio
898 1404 937 1472 et
957 1403 1004 1492 Q.
1021 1399 1145 1472 Tullio
1163 1401 1341 1500 Legatis:
1365 1400 1460 1474 duas

333 1514 372 1586 in
400 1513 550 1588 Aeduos
577 1514 701 1602 misit,
728 1537 890 1610 quorum
916 1517 954 1586 in
981 1515 1083 1588 omni
1111 1511 1232 1587 Gallia
1263 1538 1458 1588 summam

335 1655 412 1704 esse
439 1631 704 1704 auctoritatem
730 1630 897 1703 sciebat:
924 1629 1017 1702 duas
1042 1631 1080 1702 in
1107 1631 1269 1702 Turonis
1295 1631 1459 1708 adfines

334 1745 541 1818 Carnutum
570 1745 717 1843 posuit,
757 1769 852 1842 quae
886 1745 1262 1844 omnemregionem
1291 1746 1458 1818 coniun—
1511 1781 1512 1808 1

335 1869 436 1936 ctam
463 1865 616 1936 Oceano
643 1863 898 1935 continerent:
926 1863 1018 1936 duas
1045 1861 1204 1958 reliquas
1239 1863 1276 1934 in
1312 1865 1457 1936 Lemo·
1511 1879 1512 1928 ἓ

334 1977 463 2049 vicum
490 1977 594 2066 linis,
632 2001 707 2049 non
741 1975 851 2076 longe
890 1975 938 2048 ab
964 1977 1163 2065 Aruernis,
1189 2001 1235 2048 ne
1262 2000 1342 2073 qua
1371 2005 1455 2078 pars

335 2088 477 2163 Galliae
505 2115 625 2164 vacua
652 2092 698 2164 ab
726 2093 894 2166 exercitu
920 2096 1029 2164 esset.
1081 2091 1225 2164 Paucos
1259 2091 1340 2162 dies
1378 2095 1453 2189 ipse

333 2209 373 2282 in
398 2209 596 2282 Provincia
620 2215 815 2297 moratus,
842 2232 958 2306 quum
987 2206 1158 2282 celeriter
1191 2231 1323 2279 ornnes
1358 2235 1453 2282 con-

334 2329 471 2396 ventus
497 2325 807 2422 percucurrisset,
833 2323 1000 2421 publicas
1018 2324 1292 2394 controversias
1310 2347 1453 2424 cogno-

333 2443 470 2532 visset,
496 2441 589 2514 bene
615 2442 757 2514 meritis
777 2441 940 2539 praemia
959 2440 1171 2530 tribuisset,
1196 2444 1453 2541 cognoscendi

335 2557 434 2627 enim
461 2557 664 2628 maximam
693 2554 911 2629 facultatem
940 2555 1130 2644 babebat,
1164 2553 1262 2652 quali
1290 2557 1453 2655 quisque
1511 2591 1512 2594 ¹

334 2669 458 2741 animo
485 2671 522 2742 in
548 2669 819 2768 rempublicam
858 2671 989 2744 fuisset
1028 2671 1147 2772 totins
1174 2668 1316 2742 Galliae
1352 2671 1454 2744 defe-
1511 2727 1512 2730 ,

334 2785 478 2869 ctione,
511 2809 625 2882 quam
663 2788 891 2861 sustinuerat
930 2785 1108 2860 fidelitate
1147 2792 1262 2884 atque
1301 2788 1452 2861 auxiliis
1511 2769 1512 2850 l

332 2902 552 2974 Provinciae
591 2901 714 2992 illius,
740 2903 797 2976 bis
822 2903 932 2976 rebus
959 2903 1161 2988 conlectis,
1202 2903 1249 2974 ad
1283 2901 1453 3002 legiones

331 3021 370 3093 in
398 3017 567 3117 Belgium
593 3045 632 3093 se
658 3022 792 3121 recipit
815 3015 1064 3119 hibernatque
1089 3022 1409 3095 Nemetocennae.

385 3142 447 3232 47.
473 3137 526 3209 lbi
555 3138 775 3238 cognoscit,
801 3137 1015 3210 Commium
1042 3138 1262 3210 Atrebatem
1303 3141 1451 3237 proelio

331 3274 418 3322 curn
437 3239 694 3347 equitaturus
712 3251 958 3324 contendisse.
984 3253 1104 3340 Nam,
1122 3275 1238 3348 quum
1260 3253 1449 3326 Antonius
1511 3239 1512 3272 ³

329 3365 367 3439 in
393 3367 548 3440 hiberna
576 3369 738 3440 venisset
764 3368 971 3465 civitasque
998 3368 1224 3441 Atrebatum
1252 3369 1291 3441 in
1319 3367 1447 3446 officio
1511 3435 1512 3494 ;

554 3529 580 3562 N

294 3713 298 3724 ·
360 3688 387 3736 in
404 3685 501 3756 Belgio.
552 3681 628 3738 codd.
651 3682 808 3736 recentiores
824 3684 853 3732 in
878 3715 881 3721 -
952 3703 1030 3754 quom
1054 3683 1264 3747 (defectionem)
1287 3689 1446 3739 nsaiano-at

326 3749 419 3822 Belgis.
919 3749 1023 3815 (Caesar
1039 3769 1093 3804 uon
1111 3749 1279 3804 succubuerat
1304 3751 1358 3812 illi,
1378 3757 1443 3808 sires

359 3835 387 3882 111
407 3831 509 3882 Aulum
531 3833 608 3882 1111111,
659 3827 716 3880 Alii
736 3827 851 3880 deduxit,
918 3819 953 3872 ud
980 3839 1037 3874 ean
1065 3819 1266 3890 obprimendam
1298 3818 1441 3884 babuerat)

325 3897 382 3950 Alii
398 3903 425 3948 in
441 3899 538 3949 Aeduis
555 3900 693 3948 urristituit.
909 3885 987 3965 firtel:
1012 3901 1089 3964 atque
1110 3906 1171 3937 aux.
1195 3887 1377 3966 Provinciae(
1388 3892 1441 3940 eius

358 3983 386 4030 m
404 3979 525 4031 Turonis·
540 3978 597 4031 Alfi
614 3983 641 4028 in
661 3977 781 4029 Tuum·
806 3977 851 4030 Sic
918 3963 1000 4024 partis
1019 3953 1134 4015 Galliae,
1151 3972 1216 4023 quae
1238 3953 1375 4008 Provincia
1393 3959 1439 4008 llo·

323 4045 458 4099 luterdum
475 4047 588 4098 struitur
604 4044 715 4098 verbum
729 4063 832 4114 ponere.
917 4039 994 4072 ’ΠΜ
1010 4027 1086 4100 Ϋ’“.“”ῑ)’
1100 4021 1131 4072 1¹¹
1144 4019 1195 4097 fine
1211 4020 1280 4097 ΜΨ
1298 4022 1438 4101 ‘lehuduln

356 4131 451 4197 region·
469 4126 511 4179 M·
532 4129 706 4197 praemittunt
723 4129 804 4181 mam.
917 4105 974 4164 cssq
989 4089 1059 4140 vidit
1075 4087 1205 4148 Clarkrns,
1224 4107 1285 4158 quia
1303 4083 1437 4142 l'roiinrra

356 4210 384 4257 p„
401 4207 470 4258 Lem,
480 4207 556 4278 flul-3·
574 4207 629 4260 Alii
643 4209 746 4278 finibus.
917 4180 959 4210 aar
990 4159 1070 4226 ι’ξοχῇν
1086 4157 1114 4208 lu
1132 4153 1174 4208 liis
1191 4153 1267 4206 libris
1284 4155 1435 4209 eliciturdd.

355 4299 497 4338 cononatus.
514 4287 567 4338 vid.
586 4265 644 4338 lod:
674 4287 716 4338 M.
746 4283 846 4346 Urltcs,
949 4259 989 4310 llis
1006 4261 1078 4338 rebus
1094 4257 1161 4330 confi
1191 4259 1260 4338 Hinc¹
1277 4257 1343 4312 male
1360 4265 1434 4327 11111111

322 4351 351 4402 iu
369 4351 465 4420 quibus
482 4353 632 4420 agebantur.
652 4353 696 4406 Sic
707 4355 762 4407 Cic·
775 4357 846 4408 Ver-r,
915 4343 1012 4379 notram
1030 4326 1165 4380 inchoant.
1183 4327 1290 4398 Resprqc
1306 4326 1340 4378 ad
1358 4332 1385 4386 5,
1396 4334 1432 4388 ²i·

324 4435 353 4485 2,
372 4434 411 4468 20.
430 4437 478 4490 quo
495 4418 553 4488 Lig.
572 4423 595 4474 8.
615 4421 682 4474 Plio.
702 4421 731 4482 b',
753 4439 772 4472 r.
948 4419 1122 4492 hibernatque.
1140 4423 1195 4476 dlii
1212 4424 1404 4494 luturrrovttque.
