3068 5260
273 191 302 233 N

168 353 174 372 ¹
319 279 396 396 silv
574 334 813 396 PRAEFATIO
848 334 930 394 [tc.
965 334 1177 398 OBERLlNl.

318 535 440 628 salia.
473 539 556 628 Est
581 563 688 659 ergo
714 534 827 630 haec
852 533 1028 661 epocha
1048 547 1226 660 pugnae
1246 533 1439 626 Pharsa-

317 667 454 774 lieae,
473 700 590 792 quae
611 689 791 760 notatur
810 675 847 760 V
864 666 969 762 [dus
985 665 1173 760 Sextiles
1192 671 1434 758 aDCCVl.

376 804 512 894 Hisce
538 800 818 906 stabiliendis
839 807 1142 894 Gursouanuus
1166 821 1301 892 totam
1327 833 1439 922 qua-

319 955 422 1025 tuor
446 959 691 1042 annorum,
720 933 887 1058 quibus
914 933 1078 1026 bellurn
1101 930 1233 1024 civile
1255 954 1437 1054 gestum

316 1088 409 1176 est,
430 1071 591 1160 seriem
618 1069 678 1183 ita
704 1069 912 1193 exponit,
933 1088 984 1157 ut
1004 1064 1204 1190 singulas
1231 1065 1437 1190 epochas
1520 1163 1521 1166 Ν

182 1300 196 1312 ,
316 1201 491 1294 illorum
523 1233 771 1308 annorum,
801 1202 882 1326 qui
915 1235 940 1292 a
971 1232 1076 1292 vera
1112 1200 1285 1292 ratione
1322 1219 1436 1290 tern-

314 1369 475 1461 porum
507 1337 609 1429 anni
643 1333 801 1428 solaris
834 1335 1178 1443 aberraverant,
1203 1333 1261 1426 ad
1291 1333 1434 1442 hanc,

315 1467 462 1592 qualis
492 1501 597 1560 mox
624 1489 693 1560 est
721 1473 958 1562 aCaesare
977 1468 1206 1578 restituta,
1229 1461 1434 1558 reducat.

144 1667 148 1674 -
195 1689 197 1696 ψ
314 1605 426 1696 Eius
452 1601 771 1726 chronologiae
798 1603 974 1726 potiora
999 1623 1225 1715 momenta
1250 1599 1436 1698 lectori-

315 1737 402 1834 bus
434 1738 494 1829 ob
525 1735 685 1830 oculos
717 1736 929 1862 ponenda
959 1737 1080 1830 duxi.
1115 1739 1326 1864 Sequitur
1355 1771 1433 1830 au·

316 1896 405 1965 tem
437 1905 582 1969 aeram
601 1879 824 1965 Romanae
858 1872 1070 1965 historiae
1092 1877 1425 1980 Varronianarn,

314 2037 372 2096 ex
402 2037 493 2127 qua
523 2001 627 2094 belli
659 2003 803 2096 civilis
836 2005 1022 2094 initium'
1042 2007 1088 2096 in
1120 2009 1166 2096 A.
1201 2012 1250 2096 V.
1273 2013 1434 2100 DCCV

316 2161 418 2234 ante
446 2143 494 2232 C.
528 2143 586 2262 49
618 2136 804 2245 incidit,
844 2138 1092 2262 ponitque,
1134 2159 1183 2230 ut
1224 2139 1435 2232 calculus

315 2271 401 2364 sibi
432 2291 643 2380 constet,
684 2292 729 2361 et
773 2270 932 2396 probat
971 2292 1128 2362 contra
1159 2274 1432 2364 sententiam

313 2405 396 2496 viri
415 2403 518 2495 clar.
538 2410 602 2494 Du
623 2439 676 2496 un
694 2407 846 2496 Nauzn
873 2403 920 2494 in
943 2405 1188 2496 Memoires
1214 2401 1270 2494 de
1288 2403 1434 2494 l’Aca-

314 2535 471 2626 demie'·
490 2537 567 2626 des
599 2537 916 2658 Inscriptions,
961 2535 1043 2628 vol.
1068 2536 1138 2630 25.
1175 2560 1281 2662 post
1317 2543 1434 2630 Con-

315 2668 510 2760 sulatum
530 2669 763 2760 Ciceronis
789 2701 1019 2792 nunquam
1040 2697 1248 2761 cessasse
1269 2677 1431 2762 Rorna-

200 2860 206 2879 ·
314 2833 401 2894 nos
430 2801 691 2894 intercalare
718 2828 918 2894 mensem
938 2800 1302 2910 Merkedonium3
1323 2803 1434 2910 dein

313 2939 470 3028 statuit
496 2969 601 3030 curn
625 2943 762 3030 Drons
790 2941 947 3028 Cassio
970 2939 1018 3026 A.
1037 2941 1087 3026 V.
1111 2941 1323 3028 DGCVlll
1349 2937 1430 3028 lul.

316 3078 553 3164 Caesarem
585 3069 700 3162 ultra
730 3067 1073 3162 Merkedonium
1103 3103 1302 3164 mensem
1334 3105 1429 3166 non

314 3207 546 3330 sexaginta
576 3225 783 3330 septem,
816 3201 943 3328 quod
969 3209 1235 3302 Cussonruus
1262 3229 1306 3300 et
1332 3217 1430 3302 Mu-

314 3373 482 3430 cnoruus
513 3337 740 3444 referunt,
781 3359 825 3427 et
851 3343 1062 3432 Ussunrus
1094 3340 1337 3436 cumaliis·
1360 3375 1430 3434 re-

313 3474 456 3597 cepit,
478 3472 561 3564 sed
582 3471 875 3596 quadraginta
902 3474 1104 3596 quinque
1135 3496 1305 3568 tantum
1330 3477 1429 3567 dies

313 3605 410 3698 sive
442 3607 625 3698 omnino
658 3606 890 3728 sexaginta
920 3627 1093 3730 septem
1119 3607 1425 3700 intercalasse.

193 3777 202 3798 ‘
312 3739 430 3834 Huic
468 3737 759 3830 fundamento
795 3739 1045 3831 innituntur
1083 3739 1264 3836 tabulae
1296 3739 1427 3834 chro-

274 3975 277 3982 Δ
312 3872 577 3996 nologicae,
610 3905 724 4000 quas
750 3869 1063 3970 Dissertationi
1089 3875 1431 3970 Dodwellianae

314 4005 603 4115 subiecimus.
