3040 5264
1484 149 1487 244 l

1487 278 1488 344 l

1488 388 1489 438 l

343 313 432 414 124
703 325 758 386 nn
794 323 928 426 annno
962 325 1086 392 onst.
1138 369 1143 380 .

333 524 537 602 amicitiam
577 523 767 616 fecerant,
803 524 948 604 obsides
984 502 1187 614 dederant,
1222 545 1463 626 magnopere

333 645 514 732 orabant,
547 655 587 715 ut
624 641 694 717 sibi
721 645 902 717 auxilium
930 641 1071 740 ferret,
1096 643 1192 741 quod
1220 647 1394 740 grauiter
1419 641 1464 712 ab

333 755 457 831 Suavis
487 771 734 855 premerentur
741 787 755 842 ,·
780 759 852 852 vel,
881 761 917 830 si
946 759 988 830 id
1002 759 1137 856 fucere
1161 757 1465 854 occupationibus

334 875 546 972 reipublicae
560 873 821 970 prohiberetur,
835 879 1030 946 exercitum
1050 876 1152 948 modo
1169 875 1339 954 Rhenum
1360 890 1465 946 tron-

332 1004 530 1088 sportoret:
549 989 589 1066 id
604 989 673 1064 sibi
688 987 737 1060 od
752 989 931 1060 auxilium
953 1015 1119 1088 spemque
1136 990 1266 1086 reliqui
1283 993 1466 1084 temporis

331 1103 602 1196 sutissuturum
617 1132 629 1170 .·
643 1117 780 1172 teritum
794 1103 873 1190 e'sse
885 1128 1013 1178 nomen
1028 1117 1135 1202 utque
1154 1106 1361 1198 opinionem
1384 1107 1466 1173 eius

331 1225 527 1304 ereroilus,
547 1221 724 1290 Ariouisto
736 1219 839 1312 pulso
856 1233 889 1292 et
903 1219 973 1292 boo
986 1223 1177 1298 novissimo
1188 1221 1325 1316 proelio
1329 1219 1463 1314 facto,

330 1343 437 1413 enum
454 1335 505 1408 ad
518 1337 664 1411 ultimos
683 1333 943 1408 Germanorum
961 1341 1147 1425 nationes,
1159 1341 1216 1412 uti
1232 1341 1407 1434 opinione
1430 1348 1465 1407 et

330 1457 492 1530 amicitia
520 1452 652 1552 Populi
677 1451 834 1524 Rotnani
856 1458 926 1528 tuti
940 1478 1017 1526 esse
1031 1459 1183 1549 possint.
1202 1453 1364 1528 Nouium
1384 1479 1466 1524 mu·

327 1559 1174 1666 gruemcopiomudtrunsporlondumexercitum
1183 1565 1464 1662 pollicebantur.

389 1701 445 1770 ιγ.
464 1681 599 1752 Caesar
616 1679 671 1752 his
690 1680 734 1750 de
749 1680 1010 1778 caussis‚quas
1025 1679 1343 1766 commemoravi,
1361 1677 1465 1750 Rhe-

332 1821 424 1872 num
440 1805 595 1878 transire
610 1797 851 1887 decreveram
875 1797 936 1868 sed
958 1797 1116 1868 navibus
1134 1797 1316 1882 transire,
1334 1817 1462 1890 neque

332 1913 421 1981 saitis
438 1917 562 1984 lutum
573 1935 649 1981 esse
659 1909 935 1996 arbitrabatur,
949 1933 1069 2008 neque
1084 1932 1172 1984 suae
1187 1929 1308 2003 neque
1323 1903 1461 2004 Populi

332 2025 491 2098 Risinani
514 2023 703 2124 dignitatis
724 2052 801 2098 csse
819 2025 1022 2108 statuebat.
1045 2027 1201 2121 ltaque,
1215 2025 1283 2098 etsi
1306 2047 1462 2100 summa

334 2141 534 2216 dillicnltas
556 2141 716 2216 faciundi
737 2143 860 2242 pontis
878 2141 1159 2239 proponebatur
1190 2146 1348 2240 propter
1374 2141 1461 2213 lati-

334 2263 524 2350 tndinem,
540 2261 780 2360 rapiditatem
800 2257 1112 2365 altitudinemque
1131 2253 1311 2346 fluminis,
1325 2263 1460 2332 tamen

289 2423 293 2434 .
333 2375 370 2454 id
390 2375 458 2449 sibi
478 2373 800 2458 contendendum,
821 2377 887 2444 aut
909 2370 1018 2444 aliter
1037 2396 1110 2444 non
1130 2371 1456 2446 transducendum

331 2491 561 2577 exercitum,
589 2488 842 2568 existimabat.
889 2485 1091 2562 Rationem
1116 2486 1241 2584 pontis
1266 2485 1366 2562 hanc
1392 2487 1457 2557 in-

332 2608 469 2680 stituit.
541 2603 660 2701 Tigna
693 2603 777 2674 bino
810 2601 1086 2700 sesquipedalia,
1109 2603 1271 2702 paullum
1301 2603 1346 2677 ab
1377 2608 1456 2678 imo

327 2733 546 2817 praeacuta,
562 2717 724 2788 dimensa
739 2715 789 2786 od
804 2715 1026 2788 altitudinem
1045 2711 1239 2812 fluminis,
1263 2720 1453 2790 interuallo

326 2831 461 2927 pedum
488 2831 641 2902 duorum
669 2833 762 2901 inter
786 2853 825 2899 se
852 2831 1033 2928 iungebat.
1058 2829 1159 2902 Haeo
1184 2857 1294 2928 quum
1312 2833 1456 2902 maelii-

330 2941 701 3020 nou'onibusiomisso
723 2949 759 3014 in
778 2933 923 3040 flumen
940 2939 1114 3038 defixerat
1129 2939 1350 3044 fistucisque
1368 2945 1456 3022 ude·

326 3072 451 3154 geret,
480 3081 549 3131 nori
576 3055 732 3128 sublicae
759 3055 864 3130 niodo
894 3059 1034 3136 derecta
1058 3057 1109 3140 ud
1132 3059 1454 3166 perpendiculum,

328 3271 369 3322 De
387 3271 531 3341 posteriore
546 3271 679 3324 consentit
688 3269 816 3324 Plutarch.
827 3271 855 3322 in
947 3271 1061 3346 fistuor's.
1094 3271 1144 3326 Est
1165 3273 1266 3334 musea,
1285 3277 1308 3328 si
1331 3277 1452 3332 tironum

328 3342 405 3390 tiucs.
416 3357 438 3390 c.
450 3356 493 3410 aa.
512 3340 555 3392 M.
573 3337 691 3408 (bardum
705 3339 781 3392 codd.
801 3355 854 3390 nun
922 3357 1010 3392 canusa
1024 3358 1130 3396 monere
1150 3340 1225 3408 licet,
1242 3343 1383 3412 machina,
1401 3365 1452 3418 qua

327 3399 429 3458 bulieut
446 3405 554 3476 legatos.
921 3407 996 3476 palos
1021 3407 1139 3460 tundunt
1162 3411 1211 3470 ita,
1235 3421 1265 3465 ut
1286 3411 1366 3464 altius
1392 3413 1453 3465 inli-

360 3485 470 3540 oimpat.
499 3472 656 3541 tripudiabas.
700 3469 734 3524 al.
760 3470 855 3540 Populi
920 3483 1016 3540 guntur
1030 3477 1295 3538 solo(einromaseln‚
1309 3477 1453 3546 lsier)‚aut

326 3539 446 3594 Bouiani.
921 3541 1038 3610 lapides,
1048 3543 1075 3592 in
1088 3545 1130 3598 via
1142 3553 1250 3606 stratos,
1262 3545 1451 3616 complanant,

361 3621 460 3658 ιιυιιιυη
482 3625 537 3658 esse
557 3623 658 3658 nomen.
693 3603 807 3673 Scaliger
828 3613 856 3658 et
921 3617 968 3658 aut
985 3610 1136 3678 pavimenta
1159 3611 1283 3663 solidant.
1317 3611 1371 3665 bed
1396 3633 1450 3666 non

324 3686 421 3736 recent.
439 3674 545 3728 addunt
561 3678 627 3738 apuu
644 3691 696 3724 eos.
921 3675 1002 3731 modo
1019 3695 1049 3728 eu
1067 3676 1205 3744 meltius,
1216 3695 1283 3750 qaae
1295 3697 1377 3734 manu
1395 3683 1451 3752 opi·

359 3747 411 3792 eius
434 3745 566 3792 essi-citus.
592 3739 625 3792 al.
648 3741 757 3802 Romani
780 3757 855 3792 axes*
921 3741 976 3794 licis
992 3742 1078 3795 lavata
1102 3745 1204 3806 undis,
1223 3753 1313 3798 hstias
1334 3747 1448 3800 dicitur:

324 3813 398 3860 citus.
921 3809 968 3862 ud
985 3825 1012 3864 at
1027 3809 1106 3876 iaaac,
1129 3827 1196 3882 quaa
1219 3811 1341 3866 troctdds
1363 3815 1449 3867 levata

357 3883 391 3926 nd
409 3876 455 3924 ult.
476 3879 509 3926 G.
527 3879 654 3932 nationes.
684 3873 770 3946 Vulgo
787 3875 855 3946 opud
921 3885 949 3928 et
973 3896 1063 3928 rursus
1088 3876 1193 3948 delapsa
1218 3879 1350 3933 subiectos
1374 3883 1450 3950 palos

324 3959 424 3994 rennes
442 3943 476 4002 ad
494 3945 525 4004 3,
544 3965 567 4010 9.
958 3945 1038 4007 adera
1050 3951 1077 3994 et
1088 3947 1141 4000 ictu
1158 3944 1252 4018 intigit.
1269 3948 1323 3999 vid.
1337 3949 1450 4002 Caneri

357 3963 492 4060 dationem
506 4013 602 4078 posuis·
628 4009 796 4066 nocentiores
812 4009 854 4071 irr-
946 4015 1001 4063 lies.
1020 4012 1050 4062 la.
1069 4011 1100 4062 L.
1115 4021 1145 4063 at
1157 4013 1286 4085 inprimis
1302 4015 1449 4068 Hotoman-

325 4075 413 4129 l'ernut
430 4081 516 4145 igitur.
921 4097 972 4130 nus
993 4076 1026 4130 ad
1050 4079 1121 4131 bunc
1145 4081 1262 4134 &usaria
1285 4081 1381 4133 locum.
1412 4083 1448 4136 Μ.

347 4143 550 4208 'snspuiputulim
585 4143 603 4193 i.
629 4161 653 4193 e.
678 4143 853 4202 crassitudine
920 4145 1003 4216 Apud
1027 4146 1130 4197 Vitruv.
1151 4143 1181 4208 3,
1199 4149 1223 4198 3.
1246 4159 1273 4200 et
1299 4165 1344 4214 ro,
1365 4149 1390 4203 3.
1408 4161 1448 4204 est

324 4227 439 4280 sesqutp·
450 4211 513 4260 datr.
911 4217 1083 4284 Jrstsscatione
1099 4216 1221 4264 solidare.

357 4295 465 4326 iiinusss
488 4280 517 4328 in
532 4277 645 4346 flumen.
680 4275 794 4346 Scaliger
809 4279 854 4330 de·
953 4281 1062 4330 «tarsun.
1088 4297 1113 4340 v,
1130 4282 1189 4336 lod.
1215 4281 1254 4334 M.
1271 4281 1306 4341 al.
1323 4283 1393 4338 male
1409 4283 1448 4337 ‹li-

324 4359 411 4396 ,Μαι
921 4359 998 4404 rectu.
