3000 5268
333 329 431 430 224
699 347 754 406 nn
791 347 925 406 nnnno
960 347 1082 410 clun.

334 553 502 634 Mosam,
528 553 789 648 extremasque
822 549 1044 626 Arduennae
1074 551 1189 650 partis
1220 551 1275 624 ire
1307 555 1435 628 consti·

335 670 431 754 luit,
459 687 648 760 quocum
676 667 803 762 paucis
830 665 1017 766 equitibus
1047 667 1262 766 profectum
1294 669 1436 740 Ambio-

334 783 454 879 rigem
480 779 665 852 audiebat.
692 778 910 871 Discedens,
929 789 1012 880 post
1031 778 1130 854 diem
1148 784 1349 882 septimum
1371 805 1436 854 sese

334 919 595 984 revemurum,
621 896 841 970 confirmat:
869 921 983 995 qnam
1020 898 1065 970 ad
1099 899 1199 972 diem
1230 899 1263 971 ei
1298 897 1437 999 legioni,

335 1036 432 1112 quae
459 1019 494 1086 iu
524 1015 708 1112 praesidio
734 1011 1038 1112 relinquebatur,
1062 1015 1297 1090 frumentum
1329 1015 1438 1088 deberi

334 1130 488 1204 sciebat.
578 1129 784 1200 Labienum
823 1131 1126 1230 Treboniumque
1182 1131 1383 1218 hortatur,
1415 1131 1439 1201 si

333 1241 558 1340 reipublicae
584 1243 784 1316 commodo
819 1244 940 1318 lacere
968 1249 1127 1344 possint,
1159 1245 1205 1319 ad
1239 1269 1324 1318 eam
1352 1243 1437 1316 diem

333 1367 599 1446 reve'rtantur;
627 1363 688 1448 ut,
714 1383 841 1433 rursus
868 1363 1151 1436 communicato
1186 1361 1361 1449 consilio,
1386 1383 1440 1431 ex-

335 1477 564 1578 ploratisque
596 1477 761 1553 hostium
796 1478 1025 1571 rationibus,
1056 1477 1155 1553 aliud
1190 1477 1282 1554 belli
1309 1479 1440 1554 initium

335 1622 468 1695 capere
497 1602 661 1694 possent.

388 1713 450 1798 34.
477 1711 588 1794 Erat,
608 1717 782 1809 utsupra
809 1707 1168 1796 demonstravimus,
1192 1731 1329 1782 manus
1354 1712 1442 1780 certa

336 1823 460 1912 nulla,
480 1849 552 1894 non
580 1823 780 1924 oppidum,
800 1851 873 1898 non
901 1823 1149 1926 praesidium,
1167 1823 1270 1920 quod
1290 1847 1327 1894 se
1346 1819 1441 1892 armis

336 1939 571 2027 defenderet3
599 1939 663 2014 sed
691 1943 811 2014 omnis
838 1942 875 2016 in
903 1941 1019 2040 partis
1050 1940 1210 2040 dispersa
1239 1936 1441 2012 multitudo.

337 2057 409 2128 Ubi
438 2053 574 2154 cuique
605 2062 672 2129 aut
704 2056 809 2129 vallis
841 2057 989 2146 abdita,
1021 2063 1088 2130 aut
1120 2053 1224 2128 locus
1260 2051 1442 2138 silvestris,

337 2175 403 2243 aut
436 2169 540 2268 palus
573 2170 759 2269 inpedita,
793 2194 895 2269 spem
928 2171 1097 2270 praesidii
1128 2153 1195 2242 aut
1226 2167 1358 2241 salutis
1387 2163 1444 2235 ali-

336 2311 451 2387 quam
469 2287 662 2364 ohferebat
677 2343 687 2380 ,
702 2289 932 2363 consederat.
959 2288 1062 2362 Haec
1087 2285 1171 2360 loca
1197 2283 1443 2360 vicinitatibus
1477 2347 1478 2358 ,

340 2573 436 2636 temti,
455 2581 482 2624 et
510 2571 625 2624 liitterus
652 2571 681 2622 in
707 2567 770 2624 bist.
796 2565 867 2624 Gall.

341 2659 368 2711 p.
381 2643 426 2700 86,
440 2637 587 2691 deterulunt
597 2637 704 2690 alteram
721 2639 868 2699 lectionem,

341 2709 468 2758 Sulluctu.
489 2706 529 2756 Μ.
543 2708 614 2758 Ante
626 2704 786 2758 submersam
800 2705 869 2759 scat·

342 2773 401 2826 diae
419 2775 540 2844 antiquae
559 2781 659 2842 partam
678 2771 795 2824 Scaldim
812 2771 869 2824 hra-

341 2841 431 2892 chium
448 2840 611 2891 rlextrorsunr
629 2838 759 2891 'l'olenum
780 2857 868 2893 versru

341 2906 620 3025 enplisisssfflrohabils
648 2905 751 2960 ridetur
775 2907 868 2960 d'An-

341 2992 370 3027 vr
394 2995 427 3026 ιο.

321 3087 327 3098 .
373 3043 512 3112 poscitum
527 3027 669 3112 septimum.
686 3039 748 3094 Stil.
766 3041 869 3096 inchoa·

341 3117 413 3170 him,
436 3113 512 3172 sire,
535 3119 565 3161 ut
586 3109 697 3167 Celsus,
720 3109 756 3159 ad
780 3111 805 3160 d.
831 3127 867 3171 s.,

342 3177 412 3248 quod
428 3177 500 3229 valet
515 3191 576 3228 unte
592 3179 658 3228 diem
676 3188 739 3246 sept.
760 3177 817 3229 scil.
835 3175 867 3228 li-

342 3247 447 3306 nitum,
464 3253 495 3296 ut
516 3245 629 3297 Romani
651 3243 784 3298 dicebant.
808 3244 867 3296 vids

340 3329 363 3364 c.
382 3311 422 3364 35.
441 3313 483 3364 Gt.
501 3312 615 3364 Clericus
633 3312 666 3365 de
683 3322 739 3364 arte
755 3313 813 3364 crit.
834 3329 848 3362 2
858 3349 867 3374 ‚

345 3396 367 3431 ι.
386 3400 408 3433 c.
430 3397 470 3440 ιο,
491 3383 513 3430 5.
533 3381 620 3434 Doris.

376 3451 403 3498 in
418 3448 556 3516 praesidio.
590 3447 645 3500 Alii
659 3447 792 3517 praesulio
810 3448 868 3500 sine

342 3517 547 3588 prsepositione.

375 3601 454 3652 supra
470 3586 608 3634 demonstr.
632 3599 655 3632 r.
672 3601 730 3652 cap.
747 3580 789 3632 31.
807 3581 848 3633 Μ.

375 3667 464 3701 munus
480 3661 553 3701 uerter
570 3651 654 3710 nullu,
672 3651 750 3728 qula,
766 3659 796 3700 ut
813 3648 867 3700 ibi-

343 3717 403 3770 dem
415 3727 468 3779 est,
480 3719 617 3770 Ambiorix
636 3735 723 3788 coprus
736 3733 788 3768 nou
801 3733 866 3769 con-

342 3781 463 3904 rlbpncrnt,
475 3785 521 3836 sed
534 3787 630 3858 passim
648 3784 729 3838 latere
747 3785 865 3836 iusserat.

375 3937 427 3970 non
444 3937 504 3992 opp.
520 3937 572 3972 non
587 3921 699 3990 praesid.
715 3917 799 3987 Vulgo
815 3937 866 3970 non

338 4003 426 4060 praes.
451 4005 501 4038 non
524 4004 580 4058 opp.
605 3987 674 4039 Dein
697 3986 867 4054 distinguunt

343 4063 405 4127 post
435 4055 599 4174 stppenderem
624 4055 772 4105 emendavit
795 4051 864 4106 Oud.

343 4132 373 4171 ex
400 4123 447 4174 eorl
469 4157 476 4172 .
501 4123 613 4174 liternum
636 4141 683 4192 pro
709 4121 760 4171 Ubi
779 4125 866 4188 orsique

343 4187 390 4240 alii
408 4189 474 4241 male
495 4189 646 4257 Ubicunque.
665 4187 714 4240 hoc
732 4189 803 4238 enim
821 4187 866 4238 di·

343 4273 446 4325 spersae
464 4255 628 4308 multitudini
646 4273 699 4306 urm
716 4255 848 4307 convenit

377 4337 421 4372 aut
439 4323 672 4392 Ioues-inpedito.
689 4321 755 4375 Coti.
773 4321 866 4373 Ursini

344 4395 372 4452 εἰ
388 4389 509 4448 Andim
532 4388 714 4447 membranae:
737 4401 783 4441 aut
803 4389 866 4440 locis

933 2570 1089 2626 silvestribus
1111 2569 1186 2640 polus
1211 2569 1337 2641 inpedito.
1381 2567 1445 2621 Bene·

934 2637 1029 2690 Cacsar
1046 2659 1099 2691 nou
1119 2639 1222 2692 virle-tur
1247 2641 1276 2690 in
1299 2656 1387 2704 genere
1403 2653 1445 2685 nn·
1478 2636 1479 2704 J

934 2706 1034 2758 sculino
1051 2707 1191 2768 silvestris,
1209 2725 1257 2776 pro
1275 2705 1398 2760 silvester.
1414 2703 1446 2754 di·
1478 2709 1479 2728 ¹

933 2773 1011 2824 xisse.
1042 2773 1084 2823 M.
1113 2775 1165 2826 Serl
1190 2784 1217 2824 et
1243 2771 1337 2824 Livirrs
1355 2786 1397 2834 27,
1414 2771 1444 2820 :i-

933 2839 1002 2892 dixit
1019 2840 1128 2891 tunuslus
1145 2841 1277 2892 silveswe's.

966 2906 1041 2959 Haec
1058 2909 1115 2958 loca
1125 2921 1234 2958 -notu¹
1266 2905 1357 2960 Hiulca
1374 2904 1446 2956 oratio

933 2983 987 3038 cst,
1000 2991 1065 3044 quae
1083 2992 1130 3026 nec
1142 2993 1199 3026 rum
1213 2973 1390 3045 superioribus
1400 2973 1446 3021 sin·

933 3039 992 3092 culo
1009 3039 1096 3112 aliquo
1114 3041 1247 3102 cohaeret,
1264 3061 1315 3093 nsc
1335 3059 1391 3092 curn
1408 3041 1446 3095 iis·

934 3123 999 3177 quoe
1011 3118 1169 3177 sequuntur,
1181 3127 1247 3180 qrrse
1261 3107 1327 3160 ilhrtl
1339 3125 1385 3188 que
1394 3105 1446 3156 satis

933 3184 995 3249 apte
1011 3177 1184 3245 coniungitur.
1220 3175 1290 3244 Ergo
1309 3193 1392 3246 pnmo
1408 3187 1445 3241 pre

933 3239 995 3292 hoec
1005 3245 1150 3314 scripserim
1163 3261 1241 3314 quoe,
1254 3253 1281 3296 et
1293 3242 1381 3301 verba.
1392 3253 1447 3307 qmtt

933 3309 991 3360 lora
999 3315 1070 3362 visin.
1082 3323 1157 3362 erant
1169 3323 1245 3373 notu,
1253 3311 1384 3380 posuerim
1398 3311 1446 3376 post

932 3379 1009 3448 palus
1026 3382 1145 3444 inpedita.
1185 3378 1288 3430 Deinde
1305 3379 1362 3428 toea
1379 3375 1448 3424 vieini·

935 3446 1029 3496 tatibus
1040 3459 1102 3497 noea
1121 3455 1185 3517 puto
1202 3465 1257 3496 esse
1268 3443 1311 3496 rel
1325 3454 1384 3496 nota
1401 3455 1448 3514 pro

936 3523 995 3584 pter
1020 3515 1183 3570 vicinitates,
1209 3513 1250 3564 rel
1275 3521 1339 3563 nota
1366 3510 1446 3559 vicino

921 3579 1037 3632 accolis.
1061 3581 1104 3632 M.
1130 3579 1191 3632 Non
1209 3579 1303 3640 rideo,
1321 3575 1392 3648 quale
1413 3591 1447 3623 rs·

934 3646 1051 3699 medium
1069 3649 1118 3698 ists
1136 3648 1247 3700 mutatio
1264 3645 1326 3698 huic
1343 3644 1397 3696 loco
1413 3637 1447 3689 atl-

934 3715 1009 3766 ferat.
1055 3713 1152 3768 Sensus
1177 3715 1228 3766 erit
1252 3714 1321 3766 idem
1347 3721 1446 3824 utroqp't

934 3781 1022 3834 modo.
1057 3781 1128 3852 Quia
1149 3801 1178 3834 er
1202 3781 1257 3836 loos
1278 3781 1403 3833 vicinum
1436 3789 1445 3822 ⁵

934 3858 1009 3900 erant
1026 3860 1103 3911 nota,
1114 3853 1142 3902 in
1154 3867 1219 3920 quas
1231 3867 1259 3902 se
1272 3851 1382 3927 recipere
1399 3859 1446 3912 pos·

934 3925 1007 3978 seut,
1024 3916 1071 3968 ubi
1087 3919 1200 3970 Romani
1223 3917 1364 3968 contorum
1385 3925 1446 3962 rece·

934 3984 1040 4043 rlrrent,
1059 3992 1149 4036 contra
1167 3982 1264 4051 singuli
1284 3983 1318 4036 ab
1335 3976 1445 4032 hostibus

934 4051 1009 4105 facile
1037 4051 1120 4105 occidi
1146 4060 1282 4122 poterant,
1308 4049 1369 4100 hinc
1396 4059 1445 4095 mo·

952 4137 1012 4170 narn
1040 4119 1204 4186 diligentium
1232 4137 1272 4170 res
1300 4111 1444 4195 requirebat·

933 4135 1096 4305 §tetppymia
1109 4191 1247 4307 ‘eppinptutb
1263 4183 1362 4306 etsqllips
1379 4183 1444 4300 thilp·

959 4290 965 4302 .
1018 4275 1031 4305 e
1069 4273 1080 4305 s
1146 4270 1263 4306 cr.ro.
1348 4269 1443 4302 us.-

933 4273 1067 4439 Culilddbi
1077 4321 1149 4426 Sueq·
1166 4324 1232 4393 Aug.
1250 4329 1291 4386 ²4·
1308 4321 1361 4372 Cic.
1378 4313 1443 4369 Offic·

933 4407 964 4452 2,
986 4407 995 4441 1
