3040 5264
351 317 438 418 104
709 333 764 392 on
799 329 934 396 renco
969 333 1089 400 orat.

344 529 619 608 adolescentulo
647 535 763 626 duce,
791 534 937 610 efficere
960 545 1130 638 possent,
1157 541 1314 640 perspici
1342 561 1442 639 eupe-

344 658 454 723 reot:
476 657 601 724 tamen
618 652 780 724 consecti
801 651 1017 726 vulneribus
1036 655 1160 726 hostes
1179 661 1284 753 terga
1302 667 1442 726 vertere.

344 767 515 856 Quorum
549 789 685 866 magno
717 791 873 839 numero
905 767 1129 858 interfecto,
1155 771 1309 844 Crassus
1329 795 1372 842 ex
1396 770 1442 840 iti·

343 906 432 954 nere
461 882 639 981 oppidum
675 885 863 956 Sotiatum
892 885 1107 988 obpugnare
1135 890 1271 986 coepit.
1317 889 1445 980 Quibus

345 995 495 1070 fortiter
538 998 820 1088 resistentibus,
863 1001 990 1072 vineas
1033 1009 1228 1102 turresque
1271 1004 1360 1102 egit.
1400 1001 1445 1073 Illi

345 1108 435 1184 alias
451 1112 647 1210 eruptione
661 1119 823 1204 tentata,
841 1111 930 1186 alias
949 1115 1132 1189 cuniculis
1151 1118 1198 1190 ad
1217 1139 1388 1218 aggerem
1406 1117 1448 1184 vi·

235 1301 242 1316 ,
346 1247 506 1321 neasque
525 1225 637 1320 actisJ,
666 1228 772 1299 cuius
795 1229 847 1300 rei
873 1230 963 1303 sunt
979 1228 1088 1330 longe
1119 1233 1331 1330 peritissimi
1353 1229 1447 1325 Aqui·

346 1344 452 1430 tani,
478 1349 676 1440 propterea
703 1343 803 1438 quod
826 1343 955 1416 multis
980 1343 1072 1418 locis
1098 1347 1198 1444 apud
1217 1371 1279 1418 eos
1299 1345 1446 1418 aerariae

346 1469 515 1532 secturae
530 1465 638 1548 sunt,
659 1459 720 1532 ubi
737 1457 928 1558 diligentia
948 1468 1164 1535 nostrorum
1177 1462 1267 1536 nihil
1280 1464 1338 1536 his
1352 1461 1447 1536 relius

345 1575 475 1672 profici
487 1598 590 1672 posse
600 1573 882 1664 intellexerunt,
897 1573 1042 1674 legatos
1056 1576 1104 1648 ad
1113 1578 1287 1652 Crassum
1303 1580 1448 1650 mittunt

347 1713 459 1786 seque
485 1689 523 1760 in
550 1685 776 1762 deditionem
804 1697 847 1763 ut
872 1691 1053 1790 recipiat,
1080 1698 1225 1792 petunt.
1253 1696 1338 1784 Qua
1357 1717 1392 1765 re
1410 1692 1448 1762 in·

347 1809 522 1904 petrata,
550 1830 653 1877 arma
679 1803 825 1878 tradere
852 1808 960 1896 iussi,
987 1805 1144 1880 faciunt.

400 1946 460 1990 22.
487 1921 612 2018 Atque
626 1922 662 1994 in
681 1945 724 1992 ea
739 1944 779 1991 re
800 1923 969 1994 omnium
984 1927 1199 1994 nostrorum
1213 1919 1367 1995 intentis
1381 1914 1448 1988 aoi-

346 2038 438 2129 mis,
449 2038 520 2110 alia
534 2063 580 2112 ex
597 2045 703 2138 parte
723 2038 846 2140 oppidi
861 2038 1179 2126 Adcaotuaonus,
1195 2040 1257 2139 qui
1273 2059 1447 2112 summam

382 2239 467 2282 tamen
495 2233 609 2306 corpseetr'.
631 2226 745 2302 Scaliger
770 2227 872 2284 eandem

614 2299 640 2310 ..
939 2233 1023 2286 estin
1041 2227 1173 2305 plerisque
1190 2227 1266 2286 codd.
1284 2244 1448 2298 secturaeque.

349 2311 442 2354 tomen.
472 2300 548 2354 male.
584 2299 682 2352 scilicet
714 2301 790 2354 codd.
826 2301 872 2352 elii

939 2305 967 2354 in
985 2301 1043 2354 aliis
1060 2305 1158 2374 passim
1182 2307 1336 2360 stricturae,
1360 2311 1449 2350 serram

350 2369 451 2423 hahent
467 2372 590 2434 tandem3
609 2366 654 2418 alii
672 2383 764 2420 ιαιιιιιι,

382 2441 521 2492 Sociorum.
547 2437 578 2487 ln
598 2433 718 2504 pluribus
735 2435 811 2489 codd.
836 2436 873 2488 le-

350 2510 420 2578 gitur
435 2509 590 2559 Sontr'amm.
607 2503 651 2555 Sic
669 2514 696 2554 et
712 2505 759 2556 Gr.
784 2502 873 2559 Σιντιᾶ-

352 2602 405 2634 των.
452 2577 490 2626 At
512 2573 598 2625 verior
630 2566 707 2624 lectio
735 2571 872 2622 Sociorum.

350 2643 453 2696 Plinius
475 2643 508 2693 Η.
530 2640 565 2692 N·
588 2649 623 2704 4,
649 2658 686 2708 ¹9·
706 2637 776 2703 (33).
795 2637 874 2690 lrahet

350 2715 476 2764 Sortiutes
507 2716 569 2778 post
597 2707 726 2760 Elusates.
763 2705 874 2758 Nicolao

349 2781 512 2834 Damascene
541 2773 611 2846 apud
638 2774 736 2826 Athen.
766 2777 802 2832 6,
835 2772 873 2824 ι3.

350 2848 478 2899 dicuntur
496 2851 612 2899 Σωτιανιί.
629 2841 769 2922 Oppidum
789 2841 874 2910 peritis

350 2921 468 2966 remanet
496 2909 628 2980 hodieque
656 2927 685 2960 ιιι
710 2907 773 2960 urhe
802 2910 873 2974 Sos,

350 2981 438 3035 iudice
461 2979 607 3031 Oihenarto
630 2977 657 3028 in
680 2975 743 3028 Not.
761 2975 873 3028 Vascon.

373 3087 379 3100 .
392 3052 449 3113 446.
461 3055 487 3098 et
499 3045 602 3098 Valesio
611 3045 637 3096 in
646 3044 709 3097 Not.
719 3043 873 3098 Galliarum.

350 3069 442 3172 Aledio
469 3131 533 3166 aero
562 3110 696 3166 dicebatur
723 3112 799 3164 sorra
832 3108 874 3162 rel

350 3187 460 3238 Sotium.
486 3181 517 3233 in
542 3180 604 3232 ltin.
629 3180 762 3233 Antonini
791 3196 838 3258 pro

350 3253 457 3305 Elusem
474 3250 582 3302 ooeurrit
599 3244 734 3305 Scittium,
753 3248 817 3298 vitro
853 3247 873 3296 i·

350 3319 516 3383 hrariorum3
539 3319 575 3370 sic
595 3317 627 3368 D'
640 3313 745 3367 Auville
763 3315 792 3366 in
810 3313 872 3364 Not.

350 3389 383 3442 de
406 3387 432 3438 la
456 3384 542 3439 Gaule
567 3382 740 3462 p.613.‚l)i0
764 3381 812 3448 39,
830 3392 872 3448 49.

350 3475 399 3526 pro
416 3453 557 3504 Sotiatr'bus
575 3449 654 3503 habet
682 3449 797 3507 Δκιᾶτκς.

383 3523 452 3574 alias
474 3525 612 3586 eruptione.
635 3517 708 3570 Prius
732 3515 781 3567 hoe
804 3515 873 3567 alias

350 3590 423 3644 deest
444 3592 473 3641 in
490 3587 565 3640 codd.
584 3583 746 3656 quibusdam
768 3593 795 3634 et
812 3583 870 3638 edd.

351 3659 465 3729 primis,
483 3655 577 3706 utalii
598 3671 628 3710 r,
648 3655 671 3702 Β.
688 3654 720 3709 3,
739 3655 779 3700 25.

384 3729 519 3792 vineasque
540 3725 613 3772 actis.
637 3719 657 3768 l.
682 3717 712 3769 C.
734 3718 766 3768 fl.
784 3735 874 3770 vocem

350 3803 517 3850 nostrormn,
548 3805 613 3857 quoe
643 3794 705 3854 post
736 3784 873 3854 diligeruia

350 3859 474 3918 occurrit,
495 3873 631 3926 perperam
645 3871 676 3902 eo
689 3853 811 3904 reiectum
825 3873 874 3924 pu·

349 3933 410 3985 tat,
427 3923 563 3976 locandam
577 3929 637 3990 post
648 3924 796 3988 vineasque,
816 3931 874 3974 tum

350 3988 488 4058 legendum
504 3991 639 4058 diligentia
657 4005 712 4038 stro.

383 4071 503 4108 secturae.
545 4055 640 4108 uilihet
656 4055 750 4120 videt,
769 4057 872 4109 fodinas

349 4125 457 4178 aerarias
475 4126 531 4176 inte
556 4125 560 4134 '
581 4123 609 4188 '3
627 4121 673 4176 scd
689 4143 775 4194 neque
792 4125 873 4194 adpa-

349 4201 409 4250 ret,
427 4211 473 4242 cor
490 4191 539 4242 hae
576 4191 679 4243 icantur
696 4205 827 4249 saturae,
845 4198 873 4240 et

349 4266 417 4310 reete
433 4257 564 4310 desiderat
575 4257 682 4310 Vossius
699 4257 818 4327 exemplo
837 4257 881 4310 si··

350 4325 453 4376 milium
477 4323 602 4376 locorum.
629 4325 717 4392 Ergo,
744 4327 819 4376 utin
845 4343 872 4376 re

348 4393 467 4454 incerta,
483 4393 567 4446 varias
584 4389 708 4446 lectiones
729 4392 871 4462 adscripsi:

938 2389 997 2432 rae,
1008 2387 1172 2440 secur-aeque,
1185 2382 1347 2438 saturaeque.
1359 2363 1448 2434 Quidni

938 2455 1000 2490 vero
1024 2439 1134 2491 aerariae
1151 2447 1298 2489 structurae
1323 2435 1449 2487 dieantur,

938 2513 969 2557 ut
993 2525 1006 2558 a
1033 2507 1131 2558 nostris
1156 2506 1203 2555 der·
1227 2499 1366 2574 Bergbau?
1388 2499 1449 2568 Quae

939 2575 973 2629 ad
994 2571 1179 2628 illustrandam
1201 2571 1342 2624 lectionem
1365 2572 1448 2641 stricto·

939 2663 985 2696 rae
1001 2649 1240 2695 commemorantur
1257 2660 1271 2691 e
1290 2637 1361 2688 Plin.
1377 2635 1406 2686 ll.
1422 2633 1449 2683 h·

940 2709 993 2777 34,
1014 2721 1062 2775 ι4,
1081 2719 1128 2776 41,
1147 2720 1192 2760 aut
1209 2697 1315 2774 Virgilii
1338 2707 1401 2757 Aen.
1421 2703 1448 2776 ll.

939 2791 1009 2846 420,
1032 2797 1062 2830 eo
1079 2785 1144 2830 sunt
1166 2776 1199 2830 ah
1217 2772 1340 2828 hocloco
1358 2769 1449 2822 alieno-

939 2849 1014 2900 sima.
1036 2847 1075 2895 Μ.
1093 2844 1165 2896 Infra
1184 2859 1219 2907 7,
1243 2859 1284 2894 22.
1307 2837 1450 2909 simpliciter

940 2921 1079 2966 ooerrrrnnt
1113 2915 1249 2972 mariae,
1275 2911 1373 2960 omisso
1398 2900 1450 2979 suh·

940 2982 1063 3034 stontiro.
1101 3017 1107 3030 .
1129 2979 1160 3032 C.
1183 2979 1215 3030 H.
1237 2971 1450 3042 substituitjhh-

940 3067 1010 3111 nae,
1027 3067 1059 3101 ex
1076 3065 1128 3118 que
1145 3063 1206 3098 voce
1222 3065 1255 3102 ne
1271 3043 1381 3112 ligenter
1395 3039 1450 3116 scri-

941 3127 987 3188 pta
1016 3125 1043 3168 et
1070 3113 1138 3168 male
1163 3112 1230 3166 lecte
1271 3113 1276 3123 '
1297 3111 1380 3165 rarius
1400 3121 1449 3177 quis

942 3183 1031 3238 lecerit
1047 3195 1168 3235 sedurae.

974 3253 1184 3306 Adeuntuarrnus.
1207 3248 1301 3302 Variat
1318 3245 1395 3300 huius
1414 3259 1450 3290 to·

941 3319 1030 3374 eahuli
1043 3319 1172 3389 scripture
1185 3326 1337 3387 tantopere,
1351 3307 1449 3366 utnulla

940 3387 1017 3440 lectio
1045 3395 1115 3438 certa
1142 3383 1194 3436 dici
1233 3385 1341 3454 possit:
1370 3379 1450 3446 tegitur

940 3463 1029 3506 aretem
1067 3453 1240 3512 Adiatunue,
1279 3452 1449 3525 Accusamus,

939 3523 1114 3579 Adiatomue,
1143 3520 1309 3572 Adiaterimrs
1376 3520 1449 3572 Λιίιν·

941 3585 1287 3649 ..o-...,ee.11sm0ars.
1318 3554 1355 3635 h.
1381 3567 1450 3648 apd

940 3654 1039 3708 Athen.
1065 3653 1083 3705 l.
1108 3669 1130 3706 c.
1156 3673 1187 3706 cx
1212 3652 1319 3706 Nicolao
1344 3652 1450 3702 Damaso

939 3723 1038 3776 dicitnr
1062 3713 1216 3791 ’Aehdrepm
1253 3719 1306 3772 uod
1328 3714 1449 3772 Cloelium

940 3789 1007 3843 bene
1035 3791 1162 3860 recepisse
1189 3740 1275 3841 credo.
1304 3788 1397 3839 Forsan
1418 3787 1451 3830 Μ·

939 3875 1000 3910 rnen
1025 3875 1118 3908 verum
1143 3873 1240 3908 nomen
1269 3855 1353 3922 reguli
1379 3851 1450 3902 senet

940 3941 1051 3983 numus,
1076 3941 1156 3996 quem
1175 3921 1287 3996 protulit
1308 3914 1449 3973 Pelleriulns

938 3992 997 4044 hee
1016 3992 1036 4042 1.
1055 4009 1082 4061 p.
1100 3989 1141 4042 32.
1159 3991 1268 4060 Legitur
1288 3987 1325 4038 ibi
1344 4003 1393 4040 ιιι
1407 3987 1448 4055 tl·

939 4067 1123 4137 rervnnvx.
1147 4059 1177 4110 in
1194 4075 1252 4108 area
1269 4064 1350 4126 caput
1369 4053 1449 4166 lpprnf·

939 4135 1325 4244 errrorem„
1347 4139 1396 4240 o.
1413 4127 1447 4228 u

939 4269 965 4310 et
990 4258 1086 4311 Eckhel
1107 4259 1140 4311 D.
1163 4259 1196 4311 N.
1216 4259 1246 4308 V.
1266 4255 1317 4307 vol.
1337 4256 1356 4306 l·
1375 4271 1398 4323 p·
1416 4257 1448 4307 il·

939 4327 959 4377 Ι.
985 4325 1015 4378 C.
1042 4329 1075 4378 Η.
1099 4325 1238 4396 legendum
1263 4332 1349 4391 putat.
1367 4319 1447 4373 >lilian-

939 4405 1055 4445 tuameres.
