3000 5268
370 395 450 458 ιιι.
484 399 523 458 v.
557 398 648 460 cru.
688 363 795 459 3³5.
1020 369 1141 488 .¹45

34 601 231 685 serentur,
256 615 426 694 quaeque
452 620 540 670 eum
564 623 623 672 res
649 597 696 671 ab
716 598 891 672 instituto
909 599 1064 674 consilio
1083 601 1147 676 de·

32 717 208 800 terreret,
234 717 383 800 tamen,
409 736 455 784 ne
482 719 662 787 aestatem
687 714 725 786 in
744 713 908 786 Treviris
926 739 1148 790 consumere

34 835 258 926 cogeretur,
287 828 460 900 omnibus
493 827 540 900 ad
566 827 825 918 Britannicum
859 828 1000 902 bellum
1034 832 1146 905 rebus

31 943 277 1042 comparatis,
304 939 604 1014 Indutiomarum
622 940 669 1014 ad
688 967 726 1014 se
746 967 833 1016 cum
852 944 1024 1018 ducentis
1045 946 1147 1019 obsi-

32 1055 136 1128 dibus
155 1057 283 1130 venire
312 1056 431 1129 iussit.
457 1057 524 1150 llis
542 1055 743 1146 adductis,
767 1057 806 1129 in
830 1057 874 1130 iis
899 1055 975 1130 filio
994 1059 1148 1156 propin·
1256 1065 1263 1082 '

32 1172 188 1268 quisque
214 1171 292 1243 eius
318 1171 511 1260 omnibus,
537 1193 631 1268 quoe
659 1172 880 1244 nominatim
907 1177 1147 1264 evocaverat,

33 1282 244 1356 consolatus
260 1283 558 1358 Indutiomarum
579 1285 823 1383 hortatusque
842 1290 918 1374 est,
936 1287 991 1359 uti
1010 1287 1049 1358 in
1067 1283 1148 1360 offi-

36 1401 92 1472 cio
113 1408 364 1498 permaneret:
384 1399 496 1474 nihilo
515 1409 641 1474 tamen
659 1403 800 1490 secius,
818 1401 1046 1500 principibus
1063 1405 1149 1478 Tre·

34 1514 200 1588 virorum
220 1515 267 1587 ad
286 1541 324 1588 se
342 1517 578 1600 convocatis,
598 1515 666 1590 hos
683 1515 899 1616 singillatim
919 1516 1106 1616 Cingetori
1130 1519 1146 1590 i

35 1626 266 1700 conciliavit:
286 1630 386 1728 quod
404 1653 520 1728 quum
539 1632 673 1704 merito
699 1633 779 1704 eius
805 1631 852 1704 ab
878 1656 917 1704 se
942 1630 1021 1704 fieri
1039 1542 1148 1706 intel-

34 1736 204 1838 legebat,
231 1749 313 1816 tum
340 1746 465 1844 magui
491 1747 667 1818 iuteresse
694 1745 966 1834 arbitrabatur,
983 1746 1062 1818 eius
1080 1769 1145 1818 au·

37 1855 250 1930 ctoritatem
276 1859 373 1932 inter
398 1883 485 1932 suos
510 1859 830 1958 quamplurimum
857 1857 1009 1964 valere,
1037 1860 1148 1934 cuius

37 1975 110 2044 tam
137 1969 323 2075 egregiam
349 1977 387 2048 in
413 2001 452 2048 se
478 1975 714 2050 voluntatem
741 1978 997 2076 perspexisset.
1025 1975 1067 2048 ld
1090 1977 1149 2050 fa-

39 2091 138 2158 ctum
163 2093 330 2189 graviter
367 2091 458 2166 tulit
499 2091 806 2180 indutiomarus,
842 2113 950 2162 suam
987 2091 1160 2189 gratiam·

38 2201 130 2277 inter
154 2229 241 2278 suos
268 2207 405 2295 minui,
431 2211 489 2294 et,
515 2208 579 2303 qui
605 2207 679 2278 iam
707 2213 795 2278 aute
821 2207 973 2280 inimico
1007 2207 1045 2278 in
1082 2233 1149 2280 nos

41 2320 157 2403 aoe'uo
183 2319 339 2410 luisset,
363 2320 485 2394 multo
513 2321 664 2420 gravius
691 2320 773 2416 hoc,
789 2317 917 2392 dolore
943 2319 1095 2424 exarsit.

87 2431 121 2504 5.
147 2433 216 2535 His
241 2433 351 2508 rebus
377 2435 610 2524 constitutis,
636 2435 773 2510 Caesar
798 2433 845 2506 ad
862 2440 1015 2532 portum
1032 2434 1147 2506 ltiom

43 2568 122 2618 cum
147 2545 354 2648 legionibus
382 2553 565 2644 pervenit.
591 2551 645 2622 lbi
674 2551 895 2648 cognoscit,
922 2549 988 2620 xl.
1015 2570 1149 2637 naves,

42 2663 192 2758 quaein
219 2663 341 2764 Belgis
377 2665 497 2738 factae
532 2673 662 2756 erant,
703 2671 927 2764 tempestate
961 2664 1149 2754 reiectas,

42 2799 185 2850 cursum
204 2785 331 2853 tenere
349 2804 424 2852 non
443 2783 606 2878 potuisse
625 2787 737 2878 utque
755 2782 905 2869 eodem,
922 2777 1020 2852 unde
1041 2787 1150 2852 eraut

41 2895 243 2990 profectae,
269 2895 493 2970 revertisse:
519 2895 679 2993 reliquas
706 2903 855 2994 paratas
889 2895 936 2968 ad
965 2897 1150 2993 navigan-³

42 3009 124 3083 dum
149 3021 263 3111 atque
290 3013 463 3086 omuibus
485 3011 595 3086 rebus
613 3013 814 3086 instructas
831 3013 987 3086 invenit.
1004 3013 1150 3086 Eodem

42 3129 151 3202 totius
177 3129 319 3203 Galliae
346 3129 536 3226 equitatus
571 3131 774 3217 convenit,
811 3149 967 3202 numero
1001 3129 1149 3203 milium

43 3251 223 3339 quatuor,
247 3245 511 3342 Principesque
538 3243 710 3317 omnibus
751 3267 798 3316 ex
831 3244 1074 3316 civitatibus:
1102 3269 1150 3320 eu

64 3465 134 3538 filio.
150 3465 194 3520 Al.
203 3464 285 3538 fibla.
459 3523 462 3532 ,
625 3469 686 3550 qui,
710 3477 740 3521 ut
757 3467 929 3522 Cesalrbouue
946 3468 1075 3529 monuit,
1101 3465 1149 3518 alii

74 3535 103 3585 ld
112 3533 225 3602 sactum.
261 3533 321 3586 Vo'x
332 3533 437 3606 sactum
454 3535 483 3588 in
499 3531 559 3588 aliis
625 3555 655 3588 ιιι
673 3535 871 3588 mediterraneis
888 3535 965 3588 locis:
985 3535 1026 3586 vel
1039 3537 1150 3588 omnino

46 3598 119 3653 deest·
166 3647 168 3652 .
624 3614 777 3674 corruptum
801 3611 841 3654 est
864 3601 913 3656 boc
941 3601 1060 3654 verbum.
1112 3603 1151 3652 M.

73 3669 118 3722 XL
129 3685 219 3726 muer.
236 3667 282 3723 Al·
298 3669 349 3723 LX
364 3687 449 3722 naves.
624 3672 695 3724 lllale
725 3679 879 3741 provocatur
907 3669 940 3722 ad
969 3668 1151 3728 Strabonem,

74 3739 99 3784 in
114 3737 206 3806 Belgis.
236 3735 320 3806 Vulgo
337 3757 364 3788 ru
381 3737 484 3790 Meldis.
502 3737 581 3789 laur
625 3738 673 3791 ubi
701 3737 811 3790 Lexovii
848 3737 973 3790 dicuntur
1003 3737 1150 3811 maritimi,

47 3803 196 3873 antiquiores
213 3803 309 3858 oll'eusi
326 3812 391 3856 sunt
407 3805 454 3858 bae
472 3805 560 3858 lectio-
625 3824 680 3858 uon
710 3807 774 3857 item
803 3803 896 3858 Meldi.
957 3803 1061 3855 Rectius
1090 3821 1150 3870 ergo

47 3869 560 3993 riserunttursum
626 3871 743 3992 eut
766 3865 1024 3991 acuetur:
1051 3869 1151 3990 ‘tiu

48 4001 138 4058 ficuum
154 3957 216 4058 ’essi‘
227 3957 287 4058 uorll
293 4003 416 4060 credibile
428 4009 472 4058 sit.
491 4005 559 4086 Ergo
625 4010 655 4059 iu
677 4003 773 4060 Meldis
795 4011 956 4058 coustmctas
981 3972 1150 4073 per'ltboro-

46 4068 82 4120 vel
98 4072 180 4142 Belgis
196 4091 258 4126 cum
274 4075 349 4127 codd.
366 4082 394 4126 et
411 4073 471 4127 edd.
496 4092 559 4144 qur·
626 4093 688 4127 nam
705 4075 733 4125 in
751 4075 915 4144 Seqmnam,
932 4071 994 4122 inde
1020 4089 1049 4122 ιιι
1072 4069 1152 4125 Orea-

47 4131 151 4196 husdam
177 4139 291 4211 legetur:
319 4140 360 4194 vel
383 4140 436 4193 duo
464 4161 499 4213 po
521 4139 560 4194 uli
626 4159 705 4204 num,
722 4139 851 4194 devectos.
899 4139 920 4190 l.
947 4139 977 4190 C.
1004 4137 1037 4192 H.
1062 4135 1152 4208 legen*

49 4203 160 4266 luerunt,
178 4211 223 4288 qni
247 4209 338 4262 eodem
360 4209 468 4260 nomine
491 4160 559 4261 uld-
625 4209 689 4262 dum
706 4205 853 4280 suspiratur
870 4209 897 4258 in
913 4205 1037 4267 Morcus,
1059 4224 1151 4277 parum

48 4267 131 4324 darum
148 4293 188 4328 usr
205 4284 284 4338 sunt,
301 4275 348 4328 nlii
364 4274 398 4328 orl
414 4275 560 4333 Oceanum.
629 4275 748 4328 feliciter.

47 4351 195 4412 quamquem
220 4341 268 4396 lroc
297 4363 312 4396 ο
337 4339 476 4396 Strabonis
501 4343 559 4395 loco
593 4359 596 4364 ⁴
658 4348 800 4394 revertisse.
816 4341 867 4396 .sic
883 4337 958 4394 codd.
976 4347 1004 4392 et
1020 4339 1079 4394 edd·
1097 4349 1149 4395 vet.

50 4411 77 4466 l.
100 4423 122 4475 Ρ·
145 4417 197 4475 ¹94.
222 4429 277 4464 non
302 4410 408 4462 videtur
430 4419 501 4463 certo
518 4427 562 4463 sc·
627 4409 682 4463 Alii
701 4411 809 4462 relatos.

141 4505 298 4582 CAESAR.
324 4507 502 4582 Cornicen.
551 4507 660 4580 Tum.
683 4509 710 4582 l.
915 4501 950 4582 Τ
