3068 5260
371 331 852 423 utu.1.car.11-13.
950 307 955 318 ⁵
1129 361 1180 459 17

62 565 184 640 batur
200 565 420 664 Tigurinus:
452 591 539 639 narn
559 569 678 640 omnis
694 569 827 642 civitas
841 567 1013 644 Helvetia
1034 567 1071 642 in
1092 595 1185 668 qua·

61 689 159 754 tuur
177 706 290 780 pagos
309 680 427 752 divisa
446 689 513 752 est.
567 683 638 754 Hic
662 705 777 782 pagus
797 707 892 756 unus
908 735 918 774 ,
933 709 1049 782 quum
1068 685 1183 760 durno
1247 683 1253 698 ’

64 799 230 886 exisset,
247 804 396 892 patrum
418 801 631 868 nostrorum
652 798 831 870 memoria
848 799 892 868 L.
907 800 1073 874 Cassium
1089 801 1186 873 Cun-

65 909 1184 1011 suleminterfecerateteiusexercitumsubiugurnmiserat.

65 1027 147 1114 lta,
161 1019 239 1098 sive
254 1049 343 1097 casu
355 1081 365 1112 ,
377 1025 454 1096 sive
464 1023 617 1097 consiliu
628 1027 796 1098 Deorum
810 1025 1081 1116 inmortalium,
1091 1051 1185 1124 quae

66 1165 156 1238 pars
174 1139 338 1211 civitatis
356 1137 549 1212 Helvetiae
564 1139 745 1240 insignem
768 1139 1021 1214 calamitatem
1042 1141 1185 1240 Populo

66 1258 244 1327 Romano
261 1253 455 1343 intulerat,
475 1277 518 1324 ea
537 1253 708 1354 princeps
723 1277 858 1354 poenas
873 1255 1067 1354 persolvit.
1099 1259 1184 1347 Qua

67 1370 110 1440 in
129 1392 169 1440 re
188 1368 324 1440 Caesar
349 1392 424 1440 non
446 1365 568 1440 solum
586 1367 777 1466 publicas,
803 1368 867 1441 scd
887 1371 999 1442 etiarn
1019 1369 1187 1468 privatas

67 1485 225 1557 iniurias
248 1484 350 1558 ultus
368 1490 443 1573 est,
469 1483 569 1582 quod
590 1485 665 1581 eins
683 1489 800 1558 soceri
826 1487 869 1558 1..
888 1487 1030 1560 Pisonis
1050 1511 1186 1576 avum,

68 1605 115 1675 L·
148 1605 319 1676 Pisonem
347 1601 530 1702 legatum,
557 1601 728 1700 Tigurini
754 1601 885 1676 eodem
913 1603 1081 1702 proelio,
1107 1629 1182 1703 quo

35 1745 40 1768 ··
72 1719 271 1807 Cassium,
296 1717 577 1792 interfecerant.

134 1839 191 1909 13.
208 1838 290 1909 Hoc
308 1833 448 1934 proelio
466 1831 589 1922 facto,
604 1830 765 1930 reliquas
781 1835 905 1932 copias
923 1831 1185 1906 Helvetiorum

73 1956 121 2022 ut
141 1951 317 2045 consequi
336 1954 479 2048 posset,
497 1953 651 2045 pontem
665 1950 703 2020 in
722 1949 829 2020 Arari
845 1947 1062 2022 faciundum
1077 1956 1188 2020 curat
1271 1965 1275 1974 ·

74 2074 192 2164 atquc
210 2067 491 2138 ita-exercitum
509 2063 732 2170 transducit.
784 2064 974 2154 Helvetii,
991 2066 1188 2164 repentino
1246 2091 1249 2098 ⁴

73 2183 155 2254 eius
173 2180 336 2252 adventu
355 2179 556 2268 commoti,
576 2201 694 2274 quum
712 2177 767 2267 it,
787 2179 887 2276 quod
906 2183 974 2279 ipsi
990 2181 1119 2252 diebus
1135 2181 1190 2252 vi·

74 2300 170 2396 giuti
186 2299 387 2396 aegerrime
402 2295 653 2384 confecerant,
667 2303 711 2368 ut
725 2295 1096 2386 flumentransirent,
1110 2321 1186 2368 unu

73 2417 182 2489 illum
197 2415 254 2488 die
269 2416 396 2488 fecisse
411 2411 834 2512 intellegerent,legatos
849 2413 895 2485 ad
910 2439 996 2486 eum
1007 2417 1188 2486 mittunt=

72 2533 182 2603 cuius
198 2529 392 2628 legationis
406 2529 539 2600 Divico
552 2527 720 2625 princeps
733 2529 817 2616 fuit,
828 2531 890 2626 qui
907 2529 1002 2602 bello
1013 2529 1189 2602 Cassiano

74 2644 153 2716 dux
172 2643 430 2716 Helvetiorum
448 2643 582 2713 fuerat.
635 2645 669 2714 Is
688 2645 739 2716 ita
757 2667 844 2715 cum
864 2645 1019 2716 Caesare
1035 2643 1132 2741 agit:
1154 2641 1194 2715 Si

69 2788 199 2860 pacem
229 2763 382 2858 populiis
413 2761 596 2830 Romanus
630 2785 712 2830 cum
748 2761 920 2834 Henetus
940 2761 1118 2854 ficeret,
1152 2766 1193 2831 in

70 2907 155 2954 cnm
182 2893 321 2976 portent
353 2883 467 2949 ituros
501 2890 606 2973 utqtae
635 2877 688 2948 ibi
701 2877 857 2972 futurus
888 2877 1098 2968 Helvetios,
1131 2879 1194 2952 uti·

74 3021 136 3068 eos
164 2995 296 3066 Caesar
321 2995 561 3064 constituisset
586 3005 691 3087 utque
716 3017 792 3064 esse
814 2995 1001 3066 voluisset:
1026 3001 1085 3066 sin
1106 2994 1192 3066 bello

72 3113 242 3210 persequi
262 3119 520 3206 perseveraret,
553 3109 838 3178 reminisceretur
855 3121 889 3179 et
914 3113 1040 3180 ueteris
1065 3112 1194 3179 incana

74 3223 177 3295 modi
212 3222 346 3316 Populi
383 3217 540 3291 Romani
580 3233 614 3290 et
655 3225 829 3316 pristinae
874 3227 1016 3295 virtutis
1060 3222 1194 3293 Helvo-

75 3343 224 3408 tiorum.
259 3335 365 3436 Quod
387 3337 577 3430 inproviso
602 3359 714 3408 unum
737 3360 878 3432 pagum
903 3335 1051 3406 ‹rdortus
1074 3347 1194 3420 esset,

75 3477 190 3548 quum
215 3457 245 3521 ii
257 3502 268 3538 ,
293 3455 358 3548 qui
372 3445 518 3544 flumem
539 3455 773 3536 transissent,
797 3455 873 3522 suis
892 3451 1073 3521 nutilium
1085 3447 1194 3544 serra

77 3591 152 3636 non
173 3579 346 3662 possent,
372 3589 416 3635 ne
440 3563 481 3634 ob
506 3587 586 3634 eam
612 3589 688 3634 rem
712 3577 777 3635 uut
807 3583 893 3636 suoe
926 3589 1060 3660 magno
1092 3583 1196 3660 opem

79 3687 208 3758 virtuti
223 3681 411 3768 tribueret,
430 3693 493 3751 aut
508 3686 606 3774 ipsos
623 3679 816 3779 despiceret
826 3711 838 3750 .·
855 3705 894 3753 se
915 3685 967 3752 itu
989 3708 1011 3750 a
1029 3680 1195 3776 patribus

115 3873 234 3923 Cassium
251 3871 286 3922 cl.
301 3889 326 3923 c.
345 3879 369 3933 Ι..
387 3869 457 3920 llaec
474 3868 541 3938 ipsis
563 3865 605 3920 liis
707 3874 788 3920 soceri
815 3871 845 3920 L.
874 3867 987 3922 Pisonis.
1015 3871 1051 3922 cl.
1084 3870 1195 3924 Suetun.

79 3939 171 3992 verbis
200 3939 324 4004 lucrantur
349 3939 376 3988 in
400 3937 520 4015 Appiani
537 3937 607 4002 frag·
674 3937 724 3990 tul.
743 3957 765 3990 c·
784 3955 824 3988 at.
843 3939 885 3990 M.
926 3979 935 4006 x

78 4016 173 4060 menta
191 4007 224 4056 de
242 4005 317 4057 bellis
335 4003 446 4057 Gallicis
464 4023 488 4072 p.
500 4009 546 4070 755
565 4003 606 4054 erl.
707 4009 771 4073 agit.
790 4005 834 4056 ulii
852 4011 912 4074 egit.

79 4073 195 4143 steph„
233 4073 313 4124 ducta
342 4091 373 4122 ex
402 4070 508 4122 Claudii
532 4071 607 4121 l’anli
708 4075 750 4123 ubi
766 4091 809 4124 eos
827 4073 856 4124 C.
875 4086 956 4126 const.
975 4079 1008 4128 Ti
1025 4093 1068 4125 uos
1085 4067 1119 4128 ab
1137 4071 1196 4128 aliis
1265 4091 1269 4098 '

78 4139 233 4194 annalibus.
257 4139 300 4191 M.
332 4139 363 4188 V.
381 4149 437 4189 not.
455 4137 490 4190 ael
519 4137 608 4189 Taciti
676 4137 756 4194 alscst.

79 4213 174 4262 (ierm.
194 4210 235 4270 37.
254 4208 276 4258 is
294 4205 349 4258 scil.
363 4207 508 4260 Germanos
520 4207 607 4257 caedis
712 4212 804 4259 ueteris
828 4209 989 4260 incommodi.
1007 4207 1055 4261 Est
1072 4210 1130 4282 ipsa
1151 4210 1197 4262 itta

77 4285 202 4330 auctores
216 4276 279 4326 lacit
293 4313 302 4334 ,
317 4271 367 4326 snb
381 4275 412 4324 iis
425 4272 515 4327 Gallus
538 4293 609 4330 coin·
674 4273 759 4328 cladm
776 4277 908 4330 Cassiano.
927 4278 969 4329 M.

81 4345 184 4414 plexus.
204 4341 241 4393 Eu
258 4340 343 4394 clades
361 4341 394 4393 ad
412 4361 434 4394 a.
454 4339 485 4392 V.
500 4341 529 4394 G.
548 4343 606 4406 646·
707 4345 814 4395 aturrus
825 4359 897 4396 esset.
909 4353 1064 4414 sustinento
1076 4346 1201 4414 fugasset.

80 4411 210 4483 pertinet.
230 4411 271 4460 Cl‘.
281 4407 398 4476 Pighius.
707 4413 829 4463 triiueret
847 4414 1046 4483 suquithnum.
1065 4415 1108 4464 ill.

185 4507 343 4578 Cassan.
372 4506 567 4581 Commeat.
593 4509 701 4580 Tom.
727 4511 757 4582 1.
967 4513 995 4582 t}
1192 4546 1212 4597 t
