3032 5266
250 449 254 458 ,
361 399 503 467 mar.
540 403 632 466 car.
670 367 845 501 66-69.
1066 371 1160 490 415

14 603 192 682 lberum
208 611 322 706 atque
335 609 562 708 Octogesam
577 607 826 705 pertinebant,
840 607 973 680 castris
990 605 1165 680 hostiurn

14 722 223 821 obpositis
250 722 488 796 tenebantur.
521 723 593 822 Ipsi
624 731 733 796 erant
749 720 1067 796 transcendendae
1087 718 1166 792 val·

16 841 83 914 les
119 840 311 914 maximae
338 863 382 913 ac
409 834 666 926 difficillimae;
694 841 783 912 sarta
799 837 929 912 multis
946 835 1038 912 locis
1057 859 1163 936 prae-

20 962 161 1054 rupta
187 953 258 1026 iter
283 953 544 1051 inpediebant;
567 961 612 1027 ut
637 979 740 1028 arma
758 977 824 1052 per
842 976 974 1026 manus
992 975 1165 1026 necessa-

21 1071 94 1142 rio
128 1066 413 1142 transderentur
438 1067 648 1168 militesque
666 1068 799 1144 inermi
817 1065 1076 1165 sublevatique
1104 1064 1168 1138 alii

25 1182 81 1254 ab
117 1179 203 1254 aliis
234 1205 410 1282 magnam
439 1191 584 1282 partem
610 1183 753 1260 itineris
779 1181 1017 1258 conficerent.
1089 1179 1166 1254 Sed

26 1297 150 1372 huuc
181 1296 349 1372 laborem
375 1300 573 1374 recusabat
599 1323 733 1392 nemo,
763 1299 863 1398 quod
891 1323 977 1374 eum
997 1298 1167 1374 omnium

29 1409 221 1486 laborum
247 1413 359 1486 mem
387 1415 467 1488 fore
493 1415 782 1505 existimabant,
807 1414 838 1488 si
872 1415 1018 1488 hostem
1055 1412 1165 1486 Ibero

30 1525 300 1604 intercludere
332 1535 371 1604 et
401 1529 591 1606 frumento
616 1531 812 1630 prohibere
844 1530 1064 1630 potuissent.
1162 1558 1165 1571 ¹

91 1645 162 1740 69.
188 1645 245 1719 Ac
264 1645 385 1746 primo
401 1645 593 1720 Afraniani
611 1644 749 1720 milites
765 1645 910 1718 msendi
929 1637 1059 1718 caussa
1074 1635 1168 1716 laeti

36 1782 89 1830 ex
104 1760 243 1832 castris
259 1760 532 1858 procurrebant
546 1761 900 1856 contumeliosisque
914 1759 1069 1832 vocibus
1083 1777 1168 1855 pro-

37 1871 323 1968 sequebantur,
350 1899 419 1948 nec
437 1897 513 1947 non
530 1880 726 1950 necessarii
749 1879 864 1952 victus
890 1862 1168 1971 inopiacoactos

23 1984 183 2084 fugere
222 2001 327 2086 atquc
365 1989 416 2062 ad
438 1988 593 2063 Ilerdam
624 1995 772 2084 reverti:
817 1996 899 2062 erat
925 1990 1024 2062 enim
1050 1987 1169 2058 itera
1204 2036 1212 2050 ,

39 2099 243 2197 proposito
270 2101 461 2176 diversum
488 2104 791 2202 contrariamque
816 2104 856 2176 in
882 2106 1029 2200 partem
1048 2099 1092 2172 iri
1113 2098 1170 2170 vi·
1233 2195 1236 2202 y

43 2216 226 2292 debatur.
251 2219 375 2296 Duces
409 2245 497 2298 vcro
526 2245 657 2296 eorum
673 2244 797 2294 ,suum
829 2218 1025 2292 consilium
1051 2213 1171 2292 laudi-

43 2329 119 2404 bus
149 2332 344 2427 ferebant,
371 2336 472 2435 quod
503 2361 541 2410 se
573 2338 703 2412 castris
735 2331 1169 2420 tenuissent3multu1n-

47 2469 125 2542 que
154 2471 285 2524 eurum
312 2452 524 2550 opinionem
552 2451 775 2540 adiuvabat,
802 2449 903 2548 quod
928 2449 1006 2522 sine
1023 2445 1167 2520 iumen-

49 2565 100 2637 tis
126 2565 464 2666 inpedimentisque
490 2568 537 2643 ad
563 2568 634 2642 iter
662 2565 851 2670 profectos
871 2565 1069 2649 videbant,
1098 2570 1168 2656 ut,

50 2707 129 2756 non
160 2707 266 2782 posse
305 2683 445 2758 diutius
484 2685 649 2786 inopiam
679 2686 887 2776 sustinere,
926 2683 1171 2762 confiderent.

52 2799 149 2892 Sed,
176 2801 240 2875 ubi
266 2800 463 2901 paullatim
487 2803 696 2900 retorqueri
737 2825 872 2904 agmen
900 2799 958 2874 ad
999 2799 1171 2874 dextram

52 2923 356 3015 conspexerunt,
394 2919 543 3016 iamque
577 2919 718 3015 primos
760 2937 935 3016 superare
979 2913 1172 3013 regionem
1255 2947 1261 2958 ·

54 3040 264 3106 castrorum
313 3035 481 3107 animum
513 3034 785 3118 adverterunt,
819 3055 930 3106 nemo
963 3036 1045 3121 erat
1076 3029 1172 3104 adeo

54 3149 191 3223 tardus·
209 3155 276 3224 aut
301 3133 446 3250 lugiens
471 3149 633 3242 laboris,
659 3151 750 3248 quin
780 3151 910 3224 statim
943 3149 1075 3222 castris
1102 3171 1173 3220 ex-

55 3265 218 3340 eundum
250 3273 365 3366 atque
384 3265 659 3342 occurrendum
677 3272 867 3366 putarent.
902 3263 1172 3340 Conclamatur

57 3383 103 3454 ad
130 3410 235 3458 arma
266 3392 379 3482 atque
410 3407 543 3457 omnes
569 3384 724 3482 copiae,
752 3385 882 3482 paucis
912 3383 1097 3482 praesidio
1114 3371 1172 3456 re‘-

56 3491 152 3572 lictis
179 3499 422 3590 cohortibus,
466 3505 604 3574 exeunt
633 3504 813 3596 rectoque
842 3497 891 3570 ad
920 3495 1072 3572 Iberum
1105 3497 1173 3574 itl-

57 3631 142 3686 nere
169 3613 416 3688 contendunt.

221 3800 232 3834 l

91 3893 272 3976 difficillime,-
290 3911 365 3946 rara.
382 3891 579 3964 Aliimaledaf
645 3887 813 3970 probandum
840 3889 960 3970 videtur..
994 3888 1062 3942 oud.
1092 3895 1172 3959 putat

59 3955 263 4043 fidllamafnaq
285 4033 291 4042 ·
645 3957 784 4012 samuelus
800 3975 845 4010 nac
862 3975 916 4007 non
931 3957 1056 4008 decebant.

93 4027 438 4163 t‘ctattdif'ttta
461 4092 580 4147 aaa„
646 4051 1001 4171 &eamm-
1037 4047 1094 4100 ΑΜ
1114 4051 1171 4102 ⁸¹²³·

64 4168 107 4210 est.
124 4163 273 4216 Omiseram
289 4160 348 4214 edd.
366 4159 433 4230 vulg.
450 4159 503 4216 sed
519 4177 580 4212 cum

65 4225 107 4278 elii
118 4227 195 4282 codd.
232 4247 261 4280 ro
277 4227 325 4280 illo
341 4247 386 4279 aec
402 4243 454 4278 non
465 4226 580 4282 habeant
678 4243 756 4304 'nemo
773 4253 806 4264 -
819 4235 950 4304 putarent.
968 4223 1036 4302 llaec
1052 4231 1173 4278 consun-

66 4361 278 4430 ΗΜ
299 4292 581 4437 ‚catalecta
648 4289 1032 4437 etzuu.t“⁵;t²²·vtt
1050 4289 1173 4428 tuta

69 4447 161 4490 -γ-.
191 4429 229 4482 Μ.
259 4428 316 4483 lloc
341 4425 486 4483 admodum
512 4423 582 4480 mhi
649 4424 719 4496 quod
735 4423 870 4480 &nucius
886 4423 1016 4485 delendo.
