3040 5264
342 296 403 392 56
704 313 760 391 bu
793 311 928 392 bruto
961 331 1085 392 caum

340 528 492 618 castris,
518 527 733 626 quadratis
759 555 836 604 esse
858 531 981 606 visum
1007 535 1090 619 est,
1117 525 1297 626 reliquit;
1330 527 1461 600 omnis

341 647 475 718 alarios
505 647 543 718 in
568 653 774 746 conspectu
799 648 963 720 hostium
992 673 1059 746 pro
1088 647 1219 720 castris
1246 647 1462 718 minoribus

343 765 558 853 constituit,
584 761 686 860 quod
707 764 830 836 miuus
852 761 1091 837 multitudine
1110 761 1273 838 militum
1290 761 1462 860 legiona-

338 878 482 952 riorum
503 903 570 979 pro
591 878 757 952 bostium
779 901 935 952 numero
955 877 1129 969 valebat,
1152 883 1195 952 ut
1219 877 1266 952 ad
1291 881 1463 977 speciem

342 989 466 1064 alariis
492 999 674 1066 uteretur.¹
700 994 807 1090 lpse;
832 991 968 1092 triplici
996 995 1183 1068 instructa
1209 993 1312 1079 acie,·
1337 1007 1463 1088 usque

341 1107 389 1180 ad
412 1113 537 1182 castra
557 1108 721 1184 hostium
742 1110 910 1182 accessit.
943 1109 1043 1182 Tum
1066 1108 1219 1182 demum
1241 1109 1461 1180 necessario

341 1219 517 1294 Germani
532 1245 617 1296 suas
632 1223 756 1320 copias
771 1225 904 1296 castris
922 1222 1158 1312 eduxerunt,
1173 1223 1461 1322 generatimque

340 1340 629 1427 constituerunt,
648 1339 871 1438 paribusque
888 1339 1096 1416 intervallis
1110 1339 1292 1428 Harudes,
1305 1339 1462 1412 Marco·

339 1479 520 1544 rnaunos,
546 1453 771 1546 Triboccos,
796 1457 1028 1556 Vangiones,
1046 1458 1238 1546 Nemetes,
1257 1454 1461 1540 Sedusios,

341 1573 486 1646 Suevos
512 1589 736 1668 omnemque
763 1571 883 1644 aciem
908 1597 1014 1646 suam
1040 1572 1164 1646 rhedis
1190 1578 1230 1646 et
1254 1573 1374 1646 carris
1391 1575 1460 1645 cir-

341 1689 636 1779 cumdederunt,
662 1713 707 1762 ue
734 1713 810 1786 qua
825 1713 907 1788 spes
925 1691 961 1762 in
982 1690 1070 1788 luga
1086 1689 1377 1785 relinqueretur.
1406 1693 1462 1764 Eo·

339 1802 515 1876 mulieres
540 1805 805 1904 inposuerunt,
830 1828 926 1902 quae
947 1806 985 1877 iu
1010 1803 1192 1904 proelium
1219 1803 1463 1904 proticiscen-¹

340 1925 398 1994 tes
424 1919 562 1994 milites
600 1923 716 2020 passis
743 1921 908 1994 crinibus
934 1917 1065 1994 flentes
1103 1919 1375 2020 inplorabant,
1418 1946 1464 1994 ne

341 2035 445 2108 sein
472 2037 695 2114 servitutem
720 2035 900 2110 Romanis
927 2035 1128 2108 traderent.
1249 2127 1251 2134 Ι

395 2151 456 2224 52.
481 2151 617 2226 Caesar
641 2151 793 2252 singulis
818 2149 1026 2251 legionibus
1052 2147 1217 2250 singulos
1236 2148 1407 2246 Legatos
1426 2153 1466 2222 et

342 2269 590 2360 Quaestorem
609 2267 883 2369 praedomuit
903 2290 966 2340 eos
984 2266 1089 2340 testis
1106 2290 1194 2338 suae
1212 2265 1372 2362 quisque
1391 2265 1466 2337 vir·

342 2385 436 2458 tutis
462 2384 629 2460 baberet.
656 2385 737 2486 lpse
763 2407 786 2455 a
811 2379 947 2454 dextro
973 2405 1117 2470 cornu,
1143 2377 1245 2478 quud
1270 2401 1354 2450 eam
1386 2383 1465 2477 par*

342 2507 421 2576 tem
439 2503 592 2576 minime
610 2501 757 2574 firmam
775 2499 941 2584 hostium
955 2523 1032 2570 esse
1046 2497 1214 2570 animum
1228 2493 1466 2584 adverterab

344 2615 527 2714 proelium
546 2615 749 2690 commisit.
774 2615 833 2688 lta
851 2614 967 2688 nostri
987 2615 1123 2686 acriter
1138 2612 1177 2685 iu
1194 2609 1337 2700 hostes,·
1351 2609 1462 2709 signo

345 2730 455 2821 dato,
476 2732 645 2832 inpetum
664 2729 856 2820 lecerunt,
885 2731 1014 2827 itaque
1034 2729 1160 2802 hostes
1184 2731 1339 2826 repente
1365 2727 1467 2800 cele:

343 2843 508 2942 riterque
527 2849 820 2944 procurrerunt,
840 2849 882 2918 ut
900 2845 1062 2945 spatium
1080 2842 1155 2944 pila
1172 2842 1211 2916 in
1230 2841 1357 2914 hostes
1371 2859 1466 2914 con*

346 2961 496 3035 iiciendi
530 2961 606 3035 non
640 2961 804 3037 daretur.
861 2963 1025 3036 Reiectis
1049 2961 1157 3062 pilis,
1184 2959 1357 3034 corninus
1382 2957 1465 3059 glas

346 3077 417 3151 diis
443 3085 652 3180 pugnaturn
669 3085 749 3152 est:
769 3083 809 3152 at
828 3077 1030 3162 Germani,
1050 3065 1221 3152 celeriter
1241 3077 1289 3148 ex¹
1304 3087 1465 3148 consue-

344 3195 477 3269 tudine
494 3219 559 3268 sua
574 3193 755 3298 phalange
774 3193 896 3282 lacta,
913 3195 1062 3296 inpetus
1083 3193 1293 3294 gladiorum
1311 3217 1464 3292 excepe

345 3317 447 3384 runt.
472 3309 626 3408 Reperti
652 3315 741 3382 sunt
766 3308 986 3406 complures.
1004 3310 1123 3381 nostri
1149 3305 1310 3391 milites,
1339 3308 1464 3405 quiin

345 3410 548 3514 phalangas
574 3409 756 3486 insilirent
783 3417 822 3486 et
848 3418 957 3485 scuta
983 3409 1155 3486 manibus
1181 3408 1408 3489 revellerent
1427 3417 1463 3480 et

379 3697 488 3758 ctarive.
505 3723 531 3758 r.
548 3703 606 3758 ind
626 3707 663 3757 Μ,
934 3721 1022 3777 passos
1045 3708 1074 3758 iu
1091 3705 1268 3762 obtestatione
1286 3709 1395 3760 morum
1416 3705 1457 3760 Cl-

363 3774 448 3843 'quod
463 3777 554 3825 minas.
569 3773 653 3826 Codd.
672 3783 699 3828 rt
714 3771 774 3825 edd.
820 3791 867 3824 rae·
935 3787 970 3839 a,
991 3772 1079 3840 13.7,
1098 3787 1139 3838 40.
1152 3783 1192 3838 47.
1204 3773 1266 3827 (1.3
1275 3809 1285 3841 ,
1303 3780 1345 3842 98.
1358 3784 1462 3828 utnum-

345 3837 409 3892 rlaru'
425 3849 476 3891 ret.
502 3857 552 3910 quo
570 3845 660 3892 minui.
684 3840 779 3911 probat
825 3841 866 3893 ud.
937 3859 989 3910 que
1006 3841 1124 3906 iungitur
1142 3855 1178 3908 7,
1197 3848 1256 3905 48..
1458 3889 1462 3902 .

345 3905 484 3960 subaudlto
507 3925 538 3957 eo
554 3913 660 3978 magis,
676 3907 719 3960 rel
737 3922 786 3977 pro*
807 3921 870 3978 quo·
970 3913 1074 3960 minime
1124 3921 1214 3960 emm.
1243 3907 1358 3962 Vossius
1385 3907 1462 3959 malit

347 3977 426 4024 iriam.
938 3975 1052 4054 martimo
1140 3995 1190 4028 rm.
1219 3974 1273 4030 sed
1298 3975 1327 4029 id
1343 3993 1399 4028 nou
1417 3991 1461 4026 ne-

377 4053 571 4161 tenoemt‘dlbedt
588 4041 723 4188 bnssrdiir
746 4107 822 4162 libris
843 4117 871 4162 et
938 4059 1190 4182 “butilbigesaeta
1208 4087 1251 4162 csss
1268 4128 1292 4188 c..
1309 4109 1408 4174 24:111.
1427 4177 1431 4186 Ι
1451 4165 1461 4179 ,Ι

347 4181 436 4243 potest
451 4175 623 4228 messano:
640 4175 798 4246 plenqueet
816 4195 870 4229 mr·
968 4175 1125 4246 pbalatngas.
1156 4179 1291 4231 Germani
1319 4185 1459 4243 generatim

348 4249 375 4292 tu
397 4239 435 4291 br.
447 4243 494 4294 Gr.
511 4243 645 4310 mnibus,
663 4246 743 4312 pauci
752 4245 869 4295 crinibus.
937 4253 965 4297 et
977 4263 1025 4316 per
1035 4243 1172 4298 intervalla
1184 4252 1285 4297 stantes
1295 4241 1461 4314 Ριιφςιιιιὶπιηῐ,Ι

380 4343 386 4356 .
411 4308 507 4361 Munus
531 4309 676 4363 tundebant
692 4310 720 4362 iu
738 4311 871 4378 rogatione
937 4321 968 4364 ut
993 4321 1016 4364 t·
1041 4317 1077 4366 δι.
1095 4311 1200 4366 dictum
1214 4320 1269 4370 lest.
1288 4311 1462 4380 Egestum!

347 4375 476 4428 variaret
485 4375 575 4448 preir3
592 4377 676 4431 crines
693 4375 871 4432 demittebant
937 4391 1029 4433 rorum
1046 4377 1187 4449 phalanges
1205 4379 1320 4434 lurmrit.
1337 4379 1376 4429 M.
