3032 5266
406 311 487 373 mn.
522 313 549 370 1.
585 315 677 374 car.
715 278 891 374 58-61.
1112 231 1205 412 lpoq

83 513 153 588 dio
180 515 313 588 itinere
338 517 512 614 proiectis
539 519 691 592 sarcinis
718 517 922 618 fugiebant.
948 517 1142 590 Postremo
1169 523 1208 592 et

84 631 216 731 plnres
243 633 490 706 intermittere
517 633 592 706 dies
619 640 682 722 et,
723 641 871 734 praeter
898 634 1209 708 consuetudinem

84 751 287 836 ominium,
316 754 431 852 noctu
458 752 731 822 constituerant
759 750 939 848 pabulari.

141 863 205 936 60.
233 865 386 934 interim
413 865 595 957 Oscenses
622 873 660 938 et
685 864 982 964 Calagurritani,
1009 865 1072 960 qui
1101 869 1209 938 erant

83 999 182 1050 cum
206 977 434 1052 Oscensibus
460 981 689 1070 contributi,
716 983 873 1052 mittunt
896 977 942 1052 acl
962 1003 1045 1048 curii
1061 977 1208 1076 legatos
1282 981 1285 988 '

82 1115 244 1188 seseque
271 1094 451 1190 imperata
480 1095 646 1170 facturos
672 1095 905 1195 pollicentur.
940 1095 1037 1182 ,Has
1069 1095 1209 1166 Tarra-

80 1231 266 1282 conenses
293 1215 333 1281 et
358 1211 520 1282 Iacetani
547 1217 587 1284 et
612 1213 791 1286 Ausetani
811 1218 850 1286 et
870 1215 996 1311 paucis
1024 1217 1108 1308 post
1132 1212 1208 1282 die-

81 1325 160 1398 bus
187 1323 530 1424 Illurgavonenses,
557 1329 621 1426 qui
649 1327 787 1402 flumen
814 1329 967 1402 Iberum
993 1327 1207 1427 adtingunt,

81 1437 349 1535 insequuntur.
378 1441 477 1514 Petit
503 1443 550 1516 ab
577 1443 632 1516 his
649 1439 858 1532 omnibus,
884 1451 927 1516 ut
954 1451 999 1514 se‘
1018 1442 1207 1514 frumento
1325 1435 1330 1456 ⁸

84 1555 249 1624 iuvent:
278 1551 502 1651 pollicentur
528 1559 669 1654 atque,
703 1559 876 1632 omnibns
916 1555 1078 1652 undique
1119 1579 1207 1627 con·

84 1672 237 1770 quisitis
263 1657 459 1766 iumentis,
484 1673 521 1746 in
543 1681 663 1748 castra
683 1655 894 1774 deportant.
920 1675 1073 1746 Transit
1092 1673 1207 1746 etiam

85 1785 229 1858 cohors
245 1783 556 1884 Illurgavonensis
575 1791 622 1862 ad
641 1814 747 1879 eum,
765 1791 916 1887 cognito
936 1787 1101 1860 civitatis
1117 1811 1206 1858 con·
1325 1871 1334 1884 ι

85 1900 195 1994 silio,
220 1909 259 1974 et
285 1905 388 2002 sigua
410 1928 461 1994 ¹eu
487 1908 648 1980 statione
669 1907 856 1980 transfert.
882 1907 1019 2002 Magna
1037 1903 1208 1976 celeriter
1278 1981 1285 1994 ,

83 2020 342 2094 commutatio
368 2045 506 2095 rerum.
534 2021 705 2114 Perfecto
724 2027 862 2118 ponbe,
880 2021 1023 2116 magnis
1042 2019 1206 2118 quinque

67 2132 310 2212 'civitatibus
336 2135 382 2208 ad
410 2139 613 2212 amicitiam
641 2136 850 2225 adiunctis,
873 2135 1044 2232 expedita
1067 2159 1106 2208 re
1125 2136 1207 2208 fru-

84 2253 297 2354 mentaria,
323 2253 517 2326 exstinctis
542 2253 756 2326 rumoribus
773 2253 818 2325 de
837 2251 981 2324 auxiliis
1001 2250 1204 2350 legionum,

84 2393 185 2466 quae
212 2393 299 2442 cum
326 2369 503 2468 Pompeio
544 2395 608 2468 per
647 2371 912 2444 Mauritaniam
946 2368 1071 2440 venire
1099 2368 1206 2442 dice-

83 2485 247 2572 bantur,
273 2482 414 2556 mnltae
441 2484 717 2583 longinquiores
752 2485 924 2558 civitates
964 2481 1011 2554 ab
1046 2482 1206 2555 Afranio

83 2597 302 2672 desciscunt
328 2606 368 2672 et
394 2599 562 2674 Caesaris
589 2603 793 2674 amicitiam
820 2605 1039 2696 sequuntur.

141 2711 202 2786 61.
222 2713 368 2804 Quibus
385 2714 495 2787 rebus
513 2718 718 2814 perterritis
738 2715 871 2789 animis
889 2713 1208 2804 adversariorum,

86 2828 245 2914 Caesar,
266 2855 311 2903 ne
330 2853 476 2929 semper
495 2856 630 2932 magno
650 2835 813 2907 circuitu
836 2857 902 2930 per
920 2838 1074 2930 ppntem
1100 2833 1207 2927 eqni·

83 2953 190 3020 tatus
216 2956 312 3021 essct
338 2949 566 3038 mittendus,
584 2957 715 3022 nactus
734 2950 908 3024 idoneum
926 2947 1073 3038 locum,
1088 2945 1204 3024 fossas

84 3063 225 3162 pedum
252 3067 404 3162 triginta
429 3065 468 3136 in
496 3064 732 3140 latitudinem
760 3059 970 3164 complures
997 3065 1119 3138 facere
1146 3067 1206 3136 in·
1273 3135 1278 3145 ,

85 3183 236 3270 stituit,
262 3181 397 3279 quibus
425 3188 568 3279 partem
597 3181 759 3278 aliquam
782 3184 918 3256 Sicoris
937 3188 1124 3255 averteret
1145 3205 1208 3254 va·

86 3297 252 3394 dumque
267 3299 304 3370 in
320 3322 365 3370 eo
385 3295 535 3370 flumine
550 3294 728 3379 efficeret.
744 3299 812 3371 His
827 3325 941 3394 paene
956 3299 1114 3388 effectis,
1129 3325 1207 3372 ma-

90 3439 208 3516 gnum
235 3417 272 3486 in
298 3414 473 3488 timorem
501 3413 676 3488 Afranius
701 3415 943 3512 Petreiusque
963 3418 1204 3514 perveniunt,

87 3551 136 3600 ne
171 3529 324 3602 omuino
365 3527 557 3602 frumento
594 3529 806 3629 pabuloque
840 3529 1207 3617 intercluderentur3

121 3846 244 3899 laeetani.
261 3839 316 3898 Alit
334 3843 461 3897 maran.
480 3844 523 3896 M.
716 3849 744 3896 in
761 3844 929 3897 brecianam.
953 3843 1113 3898 Discat-dant
1129 3846 1206 3900 codd.
1238 3856 1240 3860 '

126 3915 356 3978 Ilurgavonenses.
394 3913 452 3963 biv.
488 3927 539 3972 αα,
574 3927 615 3966 ar.
682 3911 781 3966 Ειπυυι
804 3913 882 3965 multi
904 3921 931 3966 et
947 3911 1007 3964 ...lu
1032 3923 1095 3963 vett.
1117 3916 1207 3965 luttra-

89 3983 280 4034 [amanuenses
298 3979 373 4030 dicit.
682 3979 766 4032 clinem
793 3979 913 4033 babent:
941 3980 1020 4036 arelao
1049 3985 1206 4034 teselniam

123 4051 240 4100 celeriter
269 4046 326 4121 (fit)
354 4049 526 4098 committatis.
573 4047 635 4100 Sic·
681 4057 834 4116 receperant
850 4047 1026 4102 «triennem.
1044 4047 1089 4097 eu
1107 4050 1206 4100 nimius

90 4117 148 4168 edel.
176 4114 260 4183 auge.
289 4115 330 4166 M.
353 4113 472 4167 Verbum
498 4112 574 4166 abest
600 4129 614 4165 a
683 4113 798 4168 iactabor
818 4115 1021 4167 susurramine
1040 4115 1153 4166 violeturv

90 4184 167 4238 codd.
185 4192 213 4234 et
229 4181 279 4232 edri
306 4191 369 4232 vett.
713 4195 815 4248 partem
827 4183 941 4244 aliq-ram
953 4181 1057 4233 Sicoris.
1066 4181 1205 4251 Aliipnrte

120 4269 169 4320 par
176 4251 377 4312 Mauritaniam.
395 4247 473 4299 Cons.
491 4265 512 4300 e.
523 4245 614 4314 39.M.
682 4247 770 4315 aliqua
789 4247 909 4304 Sicorim.

70 4412 79 4436 .
197 4343 355 4420 Cassan.
381 4343 575 4421 Commeat.
602 4343 711 4418 Tum.
737 4345 766 4417 1.
970 4341 1059 4416 Fff
