3040 5264
363 351 448 442 106

718 383 774 463 pa
811 383 945 442 nnrno
981 385 1104 446 cren.

352 581 480 656 eadem
509 579 706 655 deditionis
733 581 949 656 conditione
980 589 1177 676 uteretur,
1204 607 1227 656 a
1251 582 1386 660 Crasso
1408 581 1457 659 in·

351 699 528 798 petrauit.
889 779 898 790 Ι

402 815 462 886 23.
487 809 612 885 Annis
638 809 901 910 obsidibusque
928 813 1120 912 acceptis,
1140 811 1295 886 Crassus
1320 813 1358 886 in
1381 813 1458 886 tines

346 929 551 1003 Vocatium
580 937 619 1002 et
646 930 889 1002 Tarusatium
917 929 1109 1028 proiectus
1136 937 1203 1004 est.
1246 933 1349 1004 Tum
1381 953 1457 1002 veru

345 1045 494 1120 barbari
524 1047 726 1135 commoti,
752 1045 853 1144 quod
880 1045 1085 1144 oppidum,
1120 1052 1158 1120 et
1185 1053 1323 1120 natura
1343 1044 1412 1117 loci
1430 1051 1459 1115 rt

345 1187 459 1236 manu
488 1166 705 1251 munitum,
733 1165 860 1262 paucis
887 1161 1041 1246 diebus,
1075 1163 1210 1260 quibus
1238 1187 1282 1237 eo
1312 1169 1458 1236 ventum

348 1287 447 1368 erat,
467 1285 723 1378 expugnatum
743 1285 1025 1380 cognoverant,
1050 1277 1195 1380 legatos
1216 1303 1372 1376 quoquo
1390 1299 1459 1346 ver·

347 1423 409 1470 sus
428 1399 635 1484 dimittere,
664 1397 883 1484 coniurare,
909 1395 1054 1468 obsides
1080 1398 1243 1470 intense
1269 1395 1381 1484 dare,
1407 1415 1457 1464 co

344 1518 430 1614 pias
456 1539 586 1614 parare
614 1519 830 1611 coeperunt.
857 1513 1066 1588 Mittuntur
1090 1514 1205 1596 etiam
1234 1513 1281 1586 ad
1301 1537 1366 1586 eas
1383 1510 1460 1583 ciri·

343 1636 443 1700 tates
463 1629 595 1728 legati,
614 1651 708 1726 qrrae
727 1632 816 1700 sunt
836 1627 1019 1702 citerioris
1036 1629 1257 1728 Hispaniae,
1273 1627 1458 1701 finitumae

344 1744 589 1840 Aquitaniae:
614 1743 698 1816 inde
717 1741 856 1816 auxilia
874 1742 1061 1842 ducesque
1080 1749 1336 1816 arcessuntur.
1363 1744 1457 1832 ero-

343 1887 428 1934 reim
458 1859 622 1934 adventu
651 1883 892 1961 magnacum
914 1862 1142 1935 auctoritate
1160 1867 1198 1934 et
1217 1885 1356 1962 magna
1380 1879 1456 1930 cum

342 1977 539 2052 hominum
568 1977 807 2052 multitudine
833 1975 972 2050 bellum
990 1991 1129 2077 ‘gerere
1156 1986 1356 2052 conantur.
1384 1976 1454 2046 Du·

345 2121 406 2169 ces
428 2120 516 2168 vero
536 2096 557 2168 ii
579 2095 818 2196 deliguntur,
846 2093 908 2192 qui
930 2118 1111 2167 unacum
1131 2096 1177 2188 Q.
1201 2095 1371 2168 Sertorio
1389 2113 1458 2164 om·

343 2212 399 2284 nis
426 2237 544 2284 annos
565 2211 738 2302 fuerant,
764 2233 1025 2307 summamque
1045 2210 1239 2282 scientiam
1259 2209 1314 2282 rei
1333 2205 1457 2280 milita·

342 2325 394 2400 ris
421 2325 557 2398 habere
582 2327 907 2400 existimabantur.
946 2325 995 2398 Ili
1031 2323 1303 2399 consuetudine
1331 2314 1452 2418 Populi

343 2441 503 2512 Romani
532 2439 614 2514 loca
641 2467 804 2540 capere,
839 2447 962 2516 castra
989 2442 1163 2530 munire,
1189 2435 1453 2511 commeatibus

342 2561 489 2626 nostros
526 2555 775 2629 intercludere
814 2557 1028 2630 instituunt.
1068 2553 1180 2650 Quod
1215 2553 1276 2626 ubi
1310 2553 1454 2625 Crassus

343 2667 637 2760 animadvertit,
664 2696 749 2744 suas
776 2673 902 2772 copias
930 2679 1083 2772 propter
1109 2669 1358 2769 exiguitatem
1386 2683 1451 2734 non

341 2783 449 2855 facite
464 2783 586 2857 diduci
602 2813 612 2870 ;
632 2787 777 2861 hostem
795 2797 834 2862 et
853 2789 981 2888 vagari
1001 2795 1040 2860 et
1060 2787 1139 2860 vias
1157 2783 1326 2857 obsidere
1345 2788 1383 2856 et
1400 2801 1452 2849 ca·

343 2901 430 2973 stris
450 2901 539 2974 satis
554 2904 723 3002 praesidii
740 2903 970 3004 relinquere;
989 2905 1037 2979 ob
1056 2929 1139 2978 eam
1155 2927 1324 2977 caussam
1341 2901 1454 2976 minus

376 3156 461 3196 tamen
472 3149 517 3197 ati.
531 3143 576 3200 Sic
588 3143 665 3198 codd.
675 3142 760 3214 Vulgo
772 3143 869 3216 legitur

342 3215 380 3262 uti
397 3225 490 3264 tuanen.

377 3279 408 3332 V
405 3285 520 3332 acatium.
533 3279 576 3332 Sic
588 3288 613 3332 et
627 3277 740 3333 Graccus
754 3290 867 3336 Βοιατῶν.

342 3347 380 3398 At
409 3347 485 3400 editt.
517 3350 618 3417 primae
648 3345 749 3398 liabent
780 3348 868 3398 Voca-

341 3417 435 3466 tr'orum
446 3425 473 3466 et
483 3415 560 3468 codd.
575 3414 662 3480 multi,
676 3425 700 3466 ct
712 3413 777 3466 editi
789 3413 868 3480 vulgo

341 3480 539 3548 Vnamzmmm,
552 3483 622 3554 quod
634 3481 729 3534 falsetur
737 3501 792 3532 esse
802 3484 868 3533 situs

341 3549 867 3620 lardica13hicarrimcleAquitauiasermo.

342 3615 375 3660 θ’
388 3617 494 3670 Anville
513 3617 563 3670 lruc
580 3619 659 3668 rct'ert
682 3616 762 3667 Plinii
782 3627 814 3680 4,
839 3635 867 3684 ¹9

336 3682 414 3747 433).
432 3685 601 3736 Basabocatrs
619 3693 646 3736 rt
662 3683 710 3736 auh
732 3683 868 3734 Vocatium

341 3753 449 3803 nominc
480 3762 555 3822 putat
585 3751 664 3804 latere
693 3751 812 3802 Vasates.
842 3767 867 3802 v.

340 3817 403 3870 Not.
422 3817 454 3872 de
473 3819 496 3870 la
515 3817 599 3874 Gaulo
619 3838 644 3888 p.
663 3817 720 3872 633.

378 3886 552 3938 Tarusatium.
573 3885 658 3952 Ignoti
681 3883 759 3937 liuius
776 3881 867 3956 populi

341 3959 467 4006 memmio
478 3975 508 4006 su
531 3975 613 4006 cresse
624 3953 740 4005 creditur
749 3953 776 4002 in
790 3955 867 4031 oppi-

342 4019 377 4070 da
387 4021 469 4071 Tarsa
480 3975 647 4073 veliternen
657 4020 740 4072 iudice
748 4019 867 4071 Mariana

341 4087 403 4140 hist.
427 4090 502 4158 llisp.
521 4089 556 4149 3,
585 4091 621 4140 ιΒ.
640 4097 666 4138 et
684 4085 830 4139 D'Anvitte
848 4085 866 4137 l.

341 4175 363 4208 c.
382 4155 463 4224 Apud
482 4155 551 4207 Ptin.
570 4155 587 4206 l.
612 4174 635 4208 c.
653 4161 794 4207 iroeurrunt
816 4155 868 4206 La-

339 4233 457 4284 tusates,
479 4241 544 4292 quos
566 4223 716 4276 llarduiuus
737 4223 817 4275 vertit
839 4223 867 4273 in

344 4290 492 4342 turinnes.

375 4375 452 4424 quom
463 4376 477 4401 r·
490 4375 584 4408 versos.
598 4355 641 4408 Al.
654 4373 867 4426 quaquaversum.

375 4437 409 4480 art
427 4442 470 4474 aar
489 4429 611 4476 avaram.
634 4423 753 4478 Ritterus
775 4425 804 4476 iu
827 4423 868 4474 bi·

936 3143 1016 3197 storia
1041 3141 1180 3197 Gallorum
1203 3163 1230 3216 p.
1254 3160 1286 3196 20
1308 3143 1453 3198 existimat.

935 3209 984 3263 hos
997 3212 1078 3264 luisse
1096 3211 1157 3264 illos
1175 3211 1329 3270 convenas,
1352 3231 1373 3264 s.
1392 3207 1454 3260 illam

935 3277 1074 3331 colluviem
1094 3277 1253 3340 homiuum,
1277 3279 1373 3350 quiin
1394 3272 1454 3348 bello

935 3343 1088 3400 Sertoriano
1107 3367 1138 3400 cx
1162 3346 1297 3398 montibus
1321 3345 1453 3416 Pyrenaea

935 3413 1050 3480 deiecti,
1086 3413 1114 3464 in
1147 3411 1275 3465 finitimas
1304 3411 1454 3486 Aquitaniae

935 3490 1023 3550 partes
1040 3489 1185 3541 venerant,
1211 3481 1334 3550 interque
1352 3478 1454 3550 Aquita·

935 3566 984 3600 uos
1002 3550 1130 3601 vixerant.
1149 3547 1233 3600 Multa
1251 3545 1289 3598 ibi
1308 3547 1408 3601 erudiu-
1426 3541 1453 3594 ds

935 3612 978 3666 his
996 3616 1122 3667 Conventa
1145 3616 1329 3686 disputantur.
1348 3615 1387 3665 M.
1404 3680 1408 3690 Ι

935 3681 1454 3866 suspectantes„uuo

935 3836 1016 3870 rrum.
1066 3855 1072 3868 .

969 3885 1097 3936 Sertorio.
1110 3883 1159 3938 Hic
1177 3885 1206 3936 iu
1223 3881 1272 3936 llis
1292 3883 1352 3936 ania
1372 3877 1453 3935 turbu

934 3950 1051 4070 rhedam
1069 3951 1138 4006 l‘lnr.
1156 3950 1188 4014 3,
1207 3967 1247 4004 22.
1265 3903 1378 4022 ἕψοι).
1394 3951 1415 4000 6.
1434 3960 1452 3994 ¹·

969 4099 1079 4138 consuet.
1099 4085 1166 4157 Pop.
1184 4086 1258 4140 Rom.
1276 4083 1340 4140 Scil.
1363 4105 1377 4138 a
1398 4083 1452 4138 ser-

934 4155 1004 4206 torio
1021 4153 1177 4208 didicerunt.
1195 4154 1232 4204 Μ.

968 4221 1025 4271 loca
1043 4223 1153 4286 (castris
1170 4221 1281 4284 idonea)
1302 4241 1316 4272 c
1394 4211 1451 4270 .M.

968 4293 1118 4352 insumant,¹
1130 4287 1197 4342 bena
1214 4291 1259 4341 sic.
1278 4305 1301 4339 r.
1342 4301 1451 4340 armano·

934 4357 967 4410 nd
986 4355 1102 4424 Quintil.
1125 4372 1156 4416 1,
1176 4361 1198 4406 ⁵.
1219 4355 1260 4408 Al,
1279 4359 1406 4407 insistunt.

963 4423 1042 4494 facist
1060 4425 1078 4476 l·
1099 4445 1121 4477 U·
1142 4432 1209 4478 liuto·
1226 4423 1275 4478 Gt·
1294 4425 1406 4492 ἆθβλωῇο
