<?xml version="1.0" encoding="UTF-8"?>
<!DOCTYPE html PUBLIC "-//W3C//DTD XHTML 1.0 Transitional//EN"
    "http://www.w3.org/TR/xhtml1/DTD/xhtml1-transitional.dtd">
<html xmlns="http://www.w3.org/1999/xhtml" xml:lang="en" lang="en">
 <head>
  <title>
</title>
<meta http-equiv="Content-Type" content="text/html;charset=utf-8" />
  <meta name='ocr-system' content='tesseract 3.04.00' />
  <meta name='ocr-capabilities' content='ocr_page ocr_carea ocr_par ocr_line ocrx_word'/>
</head>
<body>
  <div class='ocr_page' id='page_1' title='image "./ciuliicaesarisc00cellgoog_0360.png"; bbox 0 0 3026 5264; ppageno 0'>
   <div class='ocr_carea' id='block_1_1' title="bbox 306 399 1482 3289">
    <p class='ocr_par' dir='ltr' id='par_1_1' title="bbox 368 399 1478 1080">
     <span class='ocr_line' id='line_1_1' title="bbox 373 399 1117 498; baseline -0.003 -1"><span class='ocrx_word' id='word_1_1' title='bbox 373 399 465 498; x_wconf 79' lang='lat'><strong>316</strong></span> <span class='ocrx_word' id='word_1_2' title='bbox 735 435 790 492; x_wconf 81' lang='lat' dir='ltr'><strong>nu</strong></span> <span class='ocrx_word' id='word_1_3' title='bbox 825 431 959 492; x_wconf 80' lang='lat' dir='ltr'><strong>nunno</strong></span> <span class='ocrx_word' id='word_1_4' title='bbox 993 433 1117 496; x_wconf 77' lang='lat' dir='ltr'><strong>GALL.</strong></span> 
     </span>
     <span class='ocr_line' id='line_1_2' title="bbox 368 633 1478 736; baseline -0.006 -26"><span class='ocrx_word' id='word_1_5' title='bbox 368 637 582 736; x_wconf 73' lang='lat' dir='ltr'><strong>Biturigum</strong></span> <span class='ocrx_word' id='word_1_6' title='bbox 609 633 772 710; x_wconf 85' lang='lat' dir='ltr'><strong>inducit:</strong></span> <span class='ocrx_word' id='word_1_7' title='bbox 800 637 891 732; x_wconf 88' lang='lat' dir='ltr'><strong>qui,</strong></span> <span class='ocrx_word' id='word_1_8' title='bbox 918 659 1037 732; x_wconf 88' lang='lat' dir='ltr'><strong>quum</strong></span> <span class='ocrx_word' id='word_1_9' title='bbox 1063 634 1160 706; x_wconf 86' lang='lat' dir='ltr'><strong>latos</strong></span> <span class='ocrx_word' id='word_1_10' title='bbox 1186 633 1278 720; x_wconf 85' lang='lat' dir='ltr'><strong>fines</strong></span> <span class='ocrx_word' id='word_1_11' title='bbox 1312 639 1351 722; x_wconf 81' lang='lat' dir='ltr'><strong>et</strong></span> <span class='ocrx_word' id='word_1_12' title='bbox 1378 659 1478 708; x_wconf 60' lang='lat' dir='ltr'><strong>com,</strong></span> 
     </span>
     <span class='ocr_line' id='line_1_3' title="bbox 368 751 1477 854; baseline 0.003 -28"><span class='ocrx_word' id='word_1_13' title='bbox 368 753 477 854; x_wconf 84' lang='lat' dir='ltr'><strong>plura</strong></span> <span class='ocrx_word' id='word_1_14' title='bbox 509 751 642 852; x_wconf 90' lang='lat' dir='ltr'><strong>oppida</strong></span> <span class='ocrx_word' id='word_1_15' title='bbox 669 753 873 842; x_wconf 85' lang='lat' dir='ltr'><strong>habere-nt,</strong></span> <span class='ocrx_word' id='word_1_16' title='bbox 901 758 1008 826; x_wconf 91' lang='lat' dir='ltr'><strong>unius</strong></span> <span class='ocrx_word' id='word_1_17' title='bbox 1035 751 1187 850; x_wconf 73' lang='lat' dir='ltr'><strong>legionis</strong></span> <span class='ocrx_word' id='word_1_18' title='bbox 1214 753 1379 826; x_wconf 87' lang='lat' dir='ltr'><strong>bibernis</strong></span> <span class='ocrx_word' id='word_1_19' title='bbox 1412 783 1477 830; x_wconf 89' lang='lat' dir='ltr'><strong>nou</strong></span> 
     </span>
     <span class='ocr_line' id='line_1_4' title="bbox 368 869 1478 981; baseline 0 -37"><span class='ocrx_word' id='word_1_20' title='bbox 368 877 571 970; x_wconf 82' lang='lat' dir='ltr'><strong>potuerant</strong></span> <span class='ocrx_word' id='word_1_21' title='bbox 598 869 798 959; x_wconf 85' lang='lat' dir='ltr'><strong>contineri,</strong></span> <span class='ocrx_word' id='word_1_22' title='bbox 825 871 914 981; x_wconf 82' lang='lat' dir='ltr'><strong>quin</strong></span> <span class='ocrx_word' id='word_1_23' title='bbox 942 869 1080 942; x_wconf 81' lang='lat' dir='ltr'><strong>bellurn</strong></span> <span class='ocrx_word' id='word_1_24' title='bbox 1107 878 1282 970; x_wconf 84' lang='lat' dir='ltr'><strong>pararent</strong></span> <span class='ocrx_word' id='word_1_25' title='bbox 1316 876 1478 945; x_wconf 86' lang='lat' dir='ltr'><strong>coniura-</strong></span> 
     </span>
     <span class='ocr_line' id='line_1_5' title="bbox 371 983 928 1080; baseline -0.005 -21"><span class='ocrx_word' id='word_1_26' title='bbox 371 992 566 1080; x_wconf 78' lang='lat' dir='ltr'><strong>tionesque</strong></span> <span class='ocrx_word' id='word_1_27' title='bbox 593 983 771 1056; x_wconf 83' lang='lat' dir='ltr'><strong>sacerent.</strong></span> <span class='ocrx_word' id='word_1_28' title='bbox 925 983 928 992; x_wconf 85' lang='lat'>&#39;</span> 
     </span>
    </p>

    <p class='ocr_par' dir='ltr' id='par_1_2' title="bbox 306 1095 1482 3289">
     <span class='ocr_line' id='line_1_6' title="bbox 422 1095 1480 1196; baseline -0.005 -23"><span class='ocrx_word' id='word_1_29' title='bbox 422 1101 458 1172; x_wconf 87' lang='lat'><strong>3.</strong></span> <span class='ocrx_word' id='word_1_30' title='bbox 486 1099 694 1196; x_wconf 84' lang='lat' dir='ltr'><strong>Repentino</strong></span> <span class='ocrx_word' id='word_1_31' title='bbox 721 1097 884 1168; x_wconf 89' lang='lat' dir='ltr'><strong>adventu</strong></span> <span class='ocrx_word' id='word_1_32' title='bbox 912 1095 1081 1168; x_wconf 80' lang='lat' dir='ltr'><strong>Caesaris</strong></span> <span class='ocrx_word' id='word_1_33' title='bbox 1107 1096 1265 1185; x_wconf 86' lang='lat' dir='ltr'><strong>accidit,</strong></span> <span class='ocrx_word' id='word_1_34' title='bbox 1301 1097 1404 1194; x_wconf 91' lang='lat' dir='ltr'><strong>quod</strong></span> <span class='ocrx_word' id='word_1_35' title='bbox 1430 1099 1480 1170; x_wconf 91' lang='lat' dir='ltr'><strong>in-</strong></span> 
     </span>
     <span class='ocr_line' id='line_1_7' title="bbox 370 1206 1479 1316; baseline -0.001 -28"><span class='ocrx_word' id='word_1_36' title='bbox 370 1217 511 1316; x_wconf 82' lang='lat' dir='ltr'><strong>paratis</strong></span> <span class='ocrx_word' id='word_1_37' title='bbox 538 1206 770 1311; x_wconf 85' lang='lat' dir='ltr'><strong>disiectisque</strong></span> <span class='ocrx_word' id='word_1_38' title='bbox 798 1213 966 1286; x_wconf 86' lang='lat' dir='ltr'><strong>accidere</strong></span> <span class='ocrx_word' id='word_1_39' title='bbox 993 1213 1065 1286; x_wconf 84' lang='lat' dir='ltr'><strong>fuit</strong></span> <span class='ocrx_word' id='word_1_40' title='bbox 1093 1237 1259 1302; x_wconf 90' lang='lat' dir='ltr'><strong>necesse,</strong></span> <span class='ocrx_word' id='word_1_41' title='bbox 1287 1221 1331 1302; x_wconf 85' lang='lat' dir='ltr'><strong>ut</strong></span> <span class='ocrx_word' id='word_1_42' title='bbox 1348 1217 1424 1286; x_wconf 91' lang='lat' dir='ltr'><strong>sine</strong></span> <span class='ocrx_word' id='word_1_43' title='bbox 1442 1218 1479 1288; x_wconf 87' lang='lat' dir='ltr'><strong>ti·</strong></span> 
     </span>
     <span class='ocr_line' id='line_1_8' title="bbox 371 1325 1481 1426; baseline -0.002 -24"><span class='ocrx_word' id='word_1_44' title='bbox 371 1355 476 1402; x_wconf 88' lang='lat' dir='ltr'><strong>more</strong></span> <span class='ocrx_word' id='word_1_45' title='bbox 503 1327 578 1404; x_wconf 91' lang='lat' dir='ltr'><strong>ullo</strong></span> <span class='ocrx_word' id='word_1_46' title='bbox 606 1351 691 1400; x_wconf 90' lang='lat' dir='ltr'><strong>rura</strong></span> <span class='ocrx_word' id='word_1_47' title='bbox 717 1325 882 1400; x_wconf 87' lang='lat' dir='ltr'><strong>colentes</strong></span> <span class='ocrx_word' id='word_1_48' title='bbox 910 1333 1011 1426; x_wconf 89' lang='lat' dir='ltr'><strong>prius</strong></span> <span class='ocrx_word' id='word_1_49' title='bbox 1035 1327 1080 1400; x_wconf 89' lang='lat' dir='ltr'><strong>ab</strong></span> <span class='ocrx_word' id='word_1_50' title='bbox 1109 1330 1280 1425; x_wconf 90' lang='lat' dir='ltr'><strong>equitatu</strong></span> <span class='ocrx_word' id='word_1_51' title='bbox 1304 1329 1481 1426; x_wconf 86' lang='lat' dir='ltr'><strong>obprime·</strong></span> 
     </span>
     <span class='ocr_line' id='line_1_9' title="bbox 372 1441 1480 1542; baseline -0.004 -22"><span class='ocrx_word' id='word_1_52' title='bbox 372 1457 528 1536; x_wconf 79' lang='lat' dir='ltr'><strong>rentur,</strong></span> <span class='ocrx_word' id='word_1_53' title='bbox 555 1469 669 1542; x_wconf 84' lang='lat' dir='ltr'><strong>quarn</strong></span> <span class='ocrx_word' id='word_1_54' title='bbox 696 1443 895 1542; x_wconf 83' lang='lat' dir='ltr'><strong>confugere</strong></span> <span class='ocrx_word' id='word_1_55' title='bbox 918 1447 955 1514; x_wconf 92' lang='lat' dir='ltr'><strong>in</strong></span> <span class='ocrx_word' id='word_1_56' title='bbox 981 1441 1115 1542; x_wconf 87' lang='lat' dir='ltr'><strong>oppida</strong></span> <span class='ocrx_word' id='word_1_57' title='bbox 1137 1451 1306 1540; x_wconf 82' lang='lat' dir='ltr'><strong>possent:</strong></span> <span class='ocrx_word' id='word_1_58' title='bbox 1327 1469 1480 1542; x_wconf 84' lang='lat' dir='ltr'><strong>namque</strong></span> 
     </span>
     <span class='ocr_line' id='line_1_10' title="bbox 371 1558 1480 1658; baseline -0.002 -26"><span class='ocrx_word' id='word_1_59' title='bbox 371 1563 485 1634; x_wconf 85' lang='lat' dir='ltr'><strong>etiam</strong></span> <span class='ocrx_word' id='word_1_60' title='bbox 500 1559 616 1648; x_wconf 90' lang='lat' dir='ltr'><strong>illud,</strong></span> <span class='ocrx_word' id='word_1_61' title='bbox 644 1558 796 1658; x_wconf 79' lang='lat' dir='ltr'><strong>vulgare</strong></span> <span class='ocrx_word' id='word_1_62' title='bbox 815 1561 1104 1649; x_wconf 83' lang='lat' dir='ltr'><strong>incursionibus,</strong></span> <span class='ocrx_word' id='word_1_63' title='bbox 1126 1563 1274 1658; x_wconf 83' lang='lat' dir='ltr'><strong>signum</strong></span> <span class='ocrx_word' id='word_1_64' title='bbox 1293 1561 1480 1648; x_wconf 81' lang='lat' dir='ltr'><strong>hostiurn,</strong></span> 
     </span>
     <span class='ocr_line' id='line_1_11' title="bbox 371 1675 1482 1775; baseline -0.002 -25"><span class='ocrx_word' id='word_1_65' title='bbox 371 1679 473 1775; x_wconf 90' lang='lat' dir='ltr'><strong>quod</strong></span> <span class='ocrx_word' id='word_1_66' title='bbox 502 1677 681 1748; x_wconf 88' lang='lat' dir='ltr'><strong>incendiis</strong></span> <span class='ocrx_word' id='word_1_67' title='bbox 707 1675 959 1748; x_wconf 86' lang='lat' dir='ltr'><strong>aedificiorum</strong></span> <span class='ocrx_word' id='word_1_68' title='bbox 978 1675 1141 1774; x_wconf 81' lang='lat' dir='ltr'><strong>intellegi</strong></span> <span class='ocrx_word' id='word_1_69' title='bbox 1162 1680 1382 1765; x_wconf 79' lang='lat' dir='ltr'><strong>consuevit,</strong></span> <span class='ocrx_word' id='word_1_70' title='bbox 1400 1679 1482 1750; x_wconf 84' lang='lat' dir='ltr'><strong>Cae-</strong></span> 
     </span>
     <span class='ocr_line' id='line_1_12' title="bbox 372 1783 1481 1891; baseline -0.001 -25"><span class='ocrx_word' id='word_1_71' title='bbox 372 1783 462 1866; x_wconf 84' lang='lat' dir='ltr'><strong>saris</strong></span> <span class='ocrx_word' id='word_1_72' title='bbox 489 1792 527 1864; x_wconf 90' lang='lat' dir='ltr'><strong>id</strong></span> <span class='ocrx_word' id='word_1_73' title='bbox 554 1797 634 1864; x_wconf 85' lang='lat' dir='ltr'><strong>erat</strong></span> <span class='ocrx_word' id='word_1_74' title='bbox 659 1792 861 1882; x_wconf 86' lang='lat' dir='ltr'><strong>interdicto</strong></span> <span class='ocrx_word' id='word_1_75' title='bbox 889 1791 1099 1866; x_wconf 85' lang='lat' dir='ltr'><strong>sublatum:</strong></span> <span class='ocrx_word' id='word_1_76' title='bbox 1127 1816 1172 1864; x_wconf 84' lang='lat' dir='ltr'><strong>ne</strong></span> <span class='ocrx_word' id='word_1_77' title='bbox 1199 1799 1265 1866; x_wconf 89' lang='lat' dir='ltr'><strong>aut</strong></span> <span class='ocrx_word' id='word_1_78' title='bbox 1283 1793 1395 1891; x_wconf 86' lang='lat' dir='ltr'><strong>copia</strong></span> <span class='ocrx_word' id='word_1_79' title='bbox 1424 1819 1481 1891; x_wconf 87' lang='lat' dir='ltr'><strong>pa-</strong></span> 
     </span>
     <span class='ocr_line' id='line_1_13' title="bbox 371 1907 1480 2010; baseline -0.002 -26"><span class='ocrx_word' id='word_1_80' title='bbox 371 1912 448 1984; x_wconf 89' lang='lat' dir='ltr'><strong>buli</strong></span> <span class='ocrx_word' id='word_1_81' title='bbox 477 1911 744 2006; x_wconf 86' lang='lat' dir='ltr'><strong>llumentique,</strong></span> <span class='ocrx_word' id='word_1_82' title='bbox 771 1911 799 1980; x_wconf 88' lang='lat' dir='ltr'><strong>si</strong></span> <span class='ocrx_word' id='word_1_83' title='bbox 827 1907 972 2010; x_wconf 87' lang='lat' dir='ltr'><strong>longius</strong></span> <span class='ocrx_word' id='word_1_84' title='bbox 1001 1907 1171 2008; x_wconf 81' lang='lat' dir='ltr'><strong>progredi</strong></span> <span class='ocrx_word' id='word_1_85' title='bbox 1198 1907 1330 1997; x_wconf 86' lang='lat' dir='ltr'><strong>vellet,</strong></span> <span class='ocrx_word' id='word_1_86' title='bbox 1350 1909 1480 1982; x_wconf 89' lang='lat' dir='ltr'><strong>delice-</strong></span> 
     </span>
     <span class='ocr_line' id='line_1_14' title="bbox 306 2013 1480 2128; baseline -0.002 -26"><span class='ocrx_word' id='word_1_87' title='bbox 306 2119 310 2128; x_wconf 88' lang='lat'>.</span> <span class='ocrx_word' id='word_1_88' title='bbox 371 2037 494 2112; x_wconf 84' lang='lat' dir='ltr'><strong>retur,</strong></span> <span class='ocrx_word' id='word_1_89' title='bbox 523 2032 589 2099; x_wconf 83' lang='lat' dir='ltr'><strong>aut</strong></span> <span class='ocrx_word' id='word_1_90' title='bbox 608 2013 731 2098; x_wconf 84' lang='lat' dir='ltr'><strong>hostes</strong></span> <span class='ocrx_word' id='word_1_91' title='bbox 758 2023 936 2096; x_wconf 92' lang='lat' dir='ltr'><strong>incendiis</strong></span> <span class='ocrx_word' id='word_1_92' title='bbox 961 2031 1202 2098; x_wconf 87' lang='lat' dir='ltr'><strong>terrerentur.</strong></span> <span class='ocrx_word' id='word_1_93' title='bbox 1220 2025 1350 2100; x_wconf 88' lang='lat' dir='ltr'><strong>Multis</strong></span> <span class='ocrx_word' id='word_1_94' title='bbox 1370 2029 1480 2100; x_wconf 87' lang='lat' dir='ltr'><strong>homi-</strong></span> 
     </span>
     <span class='ocr_line' id='line_1_15' title="bbox 373 2139 1480 2244; baseline -0.002 -24"><span class='ocrx_word' id='word_1_95' title='bbox 373 2171 463 2220; x_wconf 82' lang='lat' dir='ltr'><strong>nuru</strong></span> <span class='ocrx_word' id='word_1_96' title='bbox 492 2141 639 2216; x_wconf 83' lang='lat' dir='ltr'><strong>milibus</strong></span> <span class='ocrx_word' id='word_1_97' title='bbox 658 2139 798 2238; x_wconf 88' lang='lat' dir='ltr'><strong>captis,</strong></span> <span class='ocrx_word' id='word_1_98' title='bbox 818 2143 1002 2238; x_wconf 87' lang='lat' dir='ltr'><strong>perterriti</strong></span> <span class='ocrx_word' id='word_1_99' title='bbox 1022 2143 1228 2242; x_wconf 86' lang='lat' dir='ltr'><strong>Bituriges,</strong></span> <span class='ocrx_word' id='word_1_100' title='bbox 1243 2147 1306 2240; x_wconf 92' lang='lat' dir='ltr'><strong>qui</strong></span> <span class='ocrx_word' id='word_1_101' title='bbox 1322 2147 1480 2244; x_wconf 84' lang='lat' dir='ltr'><strong>primurn</strong></span> 
     </span>
     <span class='ocr_line' id='line_1_16' title="bbox 372 2257 1480 2356; baseline 0 -19"><span class='ocrx_word' id='word_1_102' title='bbox 372 2265 579 2352; x_wconf 73' lang='lat' dir='ltr'><strong>aduentum</strong></span> <span class='ocrx_word' id='word_1_103' title='bbox 606 2257 766 2356; x_wconf 79' lang='lat' dir='ltr'><strong>effugere</strong></span> <span class='ocrx_word' id='word_1_104' title='bbox 792 2263 992 2355; x_wconf 85' lang='lat' dir='ltr'><strong>potuerant</strong></span> <span class='ocrx_word' id='word_1_105' title='bbox 1020 2259 1298 2348; x_wconf 87' lang='lat' dir='ltr'><strong>Romanorum,</strong></span> <span class='ocrx_word' id='word_1_106' title='bbox 1328 2263 1368 2334; x_wconf 92' lang='lat' dir='ltr'><strong>in</strong></span> <span class='ocrx_word' id='word_1_107' title='bbox 1403 2265 1480 2337; x_wconf 88' lang='lat' dir='ltr'><strong>finl-</strong></span> 
     </span>
     <span class='ocr_line' id='line_1_17' title="bbox 370 2373 1479 2470; baseline 0.001 -22"><span class='ocrx_word' id='word_1_108' title='bbox 370 2385 497 2455; x_wconf 79' lang='lat' dir='ltr'><strong>tumus</strong></span> <span class='ocrx_word' id='word_1_109' title='bbox 516 2375 707 2460; x_wconf 85' lang='lat' dir='ltr'><strong>civitates,</strong></span> <span class='ocrx_word' id='word_1_110' title='bbox 725 2374 792 2443; x_wconf 80' lang='lat' dir='ltr'><strong>aut</strong></span> <span class='ocrx_word' id='word_1_111' title='bbox 810 2373 967 2470; x_wconf 86' lang='lat' dir='ltr'><strong>privatis</strong></span> <span class='ocrx_word' id='word_1_112' title='bbox 986 2373 1152 2470; x_wconf 86' lang='lat' dir='ltr'><strong>hospitiis</strong></span> <span class='ocrx_word' id='word_1_113' title='bbox 1171 2373 1317 2462; x_wconf 83' lang='lat' dir='ltr'><strong>conlisi,</strong></span> <span class='ocrx_word' id='word_1_114' title='bbox 1335 2385 1404 2449; x_wconf 86' lang='lat' dir='ltr'><strong>aut</strong></span> <span class='ocrx_word' id='word_1_115' title='bbox 1431 2405 1479 2449; x_wconf 86' lang='lat' dir='ltr'><strong>so·</strong></span> 
     </span>
     <span class='ocr_line' id='line_1_18' title="bbox 372 2471 1482 2585; baseline -0.002 -21"><span class='ocrx_word' id='word_1_116' title='bbox 372 2493 509 2564; x_wconf 88' lang='lat' dir='ltr'><strong>cietate</strong></span> <span class='ocrx_word' id='word_1_117' title='bbox 533 2487 790 2576; x_wconf 87' lang='lat' dir='ltr'><strong>consiliorum,</strong></span> <span class='ocrx_word' id='word_1_118' title='bbox 809 2486 1066 2585; x_wconf 71' lang='lat' dir='ltr'><strong>contingerant.</strong></span> <span class='ocrx_word' id='word_1_119' title='bbox 1093 2484 1269 2575; x_wconf 65' lang='lat' dir='ltr'><strong>Frustrai</strong></span> <span class='ocrx_word' id='word_1_120' title='bbox 1293 2471 1379 2564; x_wconf 87' lang='lat' dir='ltr'><strong>uam</strong></span> <span class='ocrx_word' id='word_1_121' title='bbox 1399 2493 1482 2564; x_wconf 81' lang='lat' dir='ltr'><strong>Cae·</strong></span> 
     </span>
     <span class='ocr_line' id='line_1_19' title="bbox 369 2603 1479 2702; baseline -0.001 -22"><span class='ocrx_word' id='word_1_122' title='bbox 369 2633 429 2680; x_wconf 85' lang='lat' dir='ltr'><strong>sar</strong></span> <span class='ocrx_word' id='word_1_123' title='bbox 456 2605 602 2702; x_wconf 83' lang='lat' dir='ltr'><strong>magnis</strong></span> <span class='ocrx_word' id='word_1_124' title='bbox 634 2604 827 2676; x_wconf 85' lang='lat' dir='ltr'><strong>itineribus</strong></span> <span class='ocrx_word' id='word_1_125' title='bbox 855 2603 1028 2675; x_wconf 71' lang='lat' dir='ltr'><strong>ominibus</strong></span> <span class='ocrx_word' id='word_1_126' title='bbox 1055 2603 1146 2678; x_wconf 89' lang='lat' dir='ltr'><strong>locis</strong></span> <span class='ocrx_word' id='word_1_127' title='bbox 1180 2609 1375 2694; x_wconf 85' lang='lat' dir='ltr'><strong>occurrit,</strong></span> <span class='ocrx_word' id='word_1_128' title='bbox 1420 2635 1479 2680; x_wconf 89' lang='lat' dir='ltr'><strong>nec</strong></span> 
     </span>
     <span class='ocr_line' id='line_1_20' title="bbox 371 2716 1480 2818; baseline 0 -27"><span class='ocrx_word' id='word_1_129' title='bbox 371 2719 436 2791; x_wconf 87' lang='lat' dir='ltr'><strong>dat</strong></span> <span class='ocrx_word' id='word_1_130' title='bbox 463 2717 527 2789; x_wconf 93' lang='lat' dir='ltr'><strong>ulli</strong></span> <span class='ocrx_word' id='word_1_131' title='bbox 555 2720 700 2790; x_wconf 88' lang='lat' dir='ltr'><strong>civitati</strong></span> <span class='ocrx_word' id='word_1_132' title='bbox 724 2719 886 2813; x_wconf 83' lang='lat' dir='ltr'><strong>spatium</strong></span> <span class='ocrx_word' id='word_1_133' title='bbox 913 2716 958 2789; x_wconf 85' lang='lat' dir='ltr'><strong>de</strong></span> <span class='ocrx_word' id='word_1_134' title='bbox 985 2717 1101 2790; x_wconf 89' lang='lat' dir='ltr'><strong>aliena</strong></span> <span class='ocrx_word' id='word_1_135' title='bbox 1129 2719 1269 2818; x_wconf 87' lang='lat' dir='ltr'><strong>potius,</strong></span> <span class='ocrx_word' id='word_1_136' title='bbox 1298 2743 1414 2815; x_wconf 87' lang='lat' dir='ltr'><strong>quarn</strong></span> <span class='ocrx_word' id='word_1_137' title='bbox 1444 2721 1480 2791; x_wconf 86' lang='lat' dir='ltr'><strong>de</strong></span> 
     </span>
     <span class='ocr_line' id='line_1_21' title="bbox 370 2831 1480 2930; baseline 0.002 -24"><span class='ocrx_word' id='word_1_138' title='bbox 370 2835 574 2918; x_wconf 83' lang='lat' dir='ltr'><strong>domestica</strong></span> <span class='ocrx_word' id='word_1_139' title='bbox 607 2831 725 2904; x_wconf 83' lang='lat' dir='ltr'><strong>salute</strong></span> <span class='ocrx_word' id='word_1_140' title='bbox 753 2831 967 2928; x_wconf 68' lang='lat' dir='ltr'><strong>cogitandi:</strong></span> <span class='ocrx_word' id='word_1_141' title='bbox 995 2859 1067 2930; x_wconf 85' lang='lat' dir='ltr'><strong>qua</strong></span> <span class='ocrx_word' id='word_1_142' title='bbox 1095 2833 1284 2906; x_wconf 83' lang='lat' dir='ltr'><strong>celeritate</strong></span> <span class='ocrx_word' id='word_1_143' title='bbox 1301 2843 1340 2907; x_wconf 83' lang='lat' dir='ltr'><strong>et</strong></span> <span class='ocrx_word' id='word_1_144' title='bbox 1360 2837 1480 2908; x_wconf 75' lang='lat' dir='ltr'><strong>fideles</strong></span> 
     </span>
     <span class='ocr_line' id='line_1_22' title="bbox 370 2947 1480 3028; baseline 0.001 -7"><span class='ocrx_word' id='word_1_145' title='bbox 370 2949 514 3028; x_wconf 85' lang='lat' dir='ltr'><strong>amicos</strong></span> <span class='ocrx_word' id='word_1_146' title='bbox 530 2948 715 3019; x_wconf 88' lang='lat' dir='ltr'><strong>retinebat</strong></span> <span class='ocrx_word' id='word_1_147' title='bbox 737 2953 774 3019; x_wconf 85' lang='lat' dir='ltr'><strong>et</strong></span> <span class='ocrx_word' id='word_1_148' title='bbox 794 2948 1006 3020; x_wconf 79' lang='lat' dir='ltr'><strong>dubitantes</strong></span> <span class='ocrx_word' id='word_1_149' title='bbox 1024 2955 1167 3020; x_wconf 86' lang='lat' dir='ltr'><strong>terrore</strong></span> <span class='ocrx_word' id='word_1_150' title='bbox 1189 2947 1235 3021; x_wconf 86' lang='lat' dir='ltr'><strong>ad</strong></span> <span class='ocrx_word' id='word_1_151' title='bbox 1252 2949 1480 3022; x_wconf 84' lang='lat' dir='ltr'><strong>conditiones</strong></span> 
     </span>
     <span class='ocr_line' id='line_1_23' title="bbox 368 3061 1482 3161; baseline 0 -29"><span class='ocrx_word' id='word_1_152' title='bbox 368 3064 469 3160; x_wconf 85' lang='lat' dir='ltr'><strong>pacis</strong></span> <span class='ocrx_word' id='word_1_153' title='bbox 496 3061 714 3134; x_wconf 87' lang='lat' dir='ltr'><strong>adducebat.</strong></span> <span class='ocrx_word' id='word_1_154' title='bbox 757 3061 837 3133; x_wconf 83' lang='lat' dir='ltr'><strong>Tuli</strong></span> <span class='ocrx_word' id='word_1_155' title='bbox 866 3063 1078 3136; x_wconf 87' lang='lat' dir='ltr'><strong>conditione</strong></span> <span class='ocrx_word' id='word_1_156' title='bbox 1105 3065 1315 3161; x_wconf 86' lang='lat' dir='ltr'><strong>proposita,</strong></span> <span class='ocrx_word' id='word_1_157' title='bbox 1342 3063 1482 3134; x_wconf 70' lang='lat' dir='ltr'><strong>Biton..</strong></span> 
     </span>
     <span class='ocr_line' id='line_1_24' title="bbox 367 3167 1481 3289; baseline 0.004 -38"><span class='ocrx_word' id='word_1_158' title='bbox 367 3167 451 3284; x_wconf 68' lang='lat' dir='ltr'><strong>ges,</strong></span> <span class='ocrx_word' id='word_1_159' title='bbox 478 3203 594 3289; x_wconf 78' lang='lat' dir='ltr'><strong>quum</strong></span> <span class='ocrx_word' id='word_1_160' title='bbox 621 3180 688 3252; x_wconf 87' lang='lat' dir='ltr'><strong>sibi</strong></span> <span class='ocrx_word' id='word_1_161' title='bbox 718 3179 888 3252; x_wconf 86' lang='lat' dir='ltr'><strong>viderent</strong></span> <span class='ocrx_word' id='word_1_162' title='bbox 916 3179 1114 3268; x_wconf 81' lang='lat' dir='ltr'><strong>clementia</strong></span> <span class='ocrx_word' id='word_1_163' title='bbox 1135 3177 1301 3256; x_wconf 82' lang='lat' dir='ltr'><strong>Caesaris</strong></span> <span class='ocrx_word' id='word_1_164' title='bbox 1320 3183 1481 3259; x_wconf 82' lang='lat' dir='ltr'><strong>reditum</strong></span> 
     </span>
    </p>
   </div>
   <div class='ocr_carea' id='block_1_2' title="bbox 358 3463 890 4554">
    <p class='ocr_par' dir='ltr' id='par_1_3' title="bbox 363 3463 888 3662">
     <span class='ocr_line' id='line_1_25' title="bbox 396 3463 887 3535; baseline -0.012 -15"><span class='ocrx_word' id='word_1_165' title='bbox 396 3469 561 3535; x_wconf 73' lang='lat' dir='ltr'><strong>disiectisque.</strong></span> <span class='ocrx_word' id='word_1_166' title='bbox 583 3463 637 3518; x_wconf 83' lang='lat' dir='ltr'><strong>Atii</strong></span> <span class='ocrx_word' id='word_1_167' title='bbox 650 3463 716 3516; x_wconf 70' lang='lat' dir='ltr'><strong>nula</strong></span> <span class='ocrx_word' id='word_1_168' title='bbox 727 3464 887 3532; x_wconf 64' lang='lat' dir='ltr'><strong>deiectisque.</strong></span> 
     </span>
     <span class='ocr_line' id='line_1_26' title="bbox 363 3527 888 3602; baseline -0.006 -18"><span class='ocrx_word' id='word_1_169' title='bbox 363 3535 423 3600; x_wconf 73' lang='lat' dir='ltr'><strong>Yiel.</strong></span> <span class='ocrx_word' id='word_1_170' title='bbox 442 3533 500 3602; x_wconf 85' lang='lat' dir='ltr'><strong>lud.</strong></span> <span class='ocrx_word' id='word_1_171' title='bbox 519 3527 724 3596; x_wconf 69' lang='lat' dir='ltr'><strong>Mox&#39;aoeatere,</strong></span> <span class='ocrx_word' id='word_1_172' title='bbox 743 3529 840 3602; x_wconf 78' lang='lat' dir='ltr'><strong>plene,</strong></span> <span class='ocrx_word' id='word_1_173' title='bbox 858 3539 888 3594; x_wconf 75' lang='lat' dir='ltr'><strong>ut</strong></span> 
     </span>
     <span class='ocr_line' id='line_1_27' title="bbox 363 3599 552 3662; baseline -0.032 -8"><span class='ocrx_word' id='word_1_174' title='bbox 363 3603 460 3658; x_wconf 82' lang='lat' dir='ltr'><strong>Caesar</strong></span> <span class='ocrx_word' id='word_1_175' title='bbox 477 3599 552 3662; x_wconf 67' lang='lat' dir='ltr'><strong>solet.</strong></span> 
     </span>
    </p>

    <p class='ocr_par' dir='ltr' id='par_1_4' title="bbox 358 3661 890 4554">
     <span class='ocr_line' id='line_1_28' title="bbox 396 3661 887 3736; baseline -0.016 -16"><span class='ocrx_word' id='word_1_176' title='bbox 396 3672 547 3720; x_wconf 71' lang='lat' dir='ltr'><strong>incensionis</strong></span> <span class='ocrx_word' id='word_1_177' title='bbox 560 3674 623 3736; x_wconf 86' lang='lat' dir='ltr'><strong>puto</strong></span> <span class='ocrx_word' id='word_1_178' title='bbox 634 3663 790 3727; x_wconf 79' lang='lat' dir='ltr'><strong>delendum:</strong></span> <span class='ocrx_word' id='word_1_179' title='bbox 804 3661 887 3714; x_wconf 76' lang='lat' dir='ltr'><strong>voluit</strong></span> 
     </span>
     <span class='ocr_line' id='line_1_29' title="bbox 363 3730 886 3808; baseline -0.017 -22"><span class='ocrx_word' id='word_1_180' title='bbox 363 3735 458 3806; x_wconf 80' lang='lat' dir='ltr'><strong>aliquis</strong></span> <span class='ocrx_word' id='word_1_181' title='bbox 477 3733 607 3808; x_wconf 66' lang='lat' dir='ltr'><strong>explicare</strong></span> <span class='ocrx_word' id='word_1_182' title='bbox 625 3736 725 3798; x_wconf 72' lang='lat' dir='ltr'><strong>signum</strong></span> <span class='ocrx_word' id='word_1_183' title='bbox 755 3730 886 3790; x_wconf 71' lang='lat' dir='ltr'><strong>hostiam,</strong></span> 
     </span>
     <span class='ocr_line' id='line_1_30' title="bbox 362 3792 890 3872; baseline -0.021 -17"><span class='ocrx_word' id='word_1_184' title='bbox 362 3801 433 3872; x_wconf 86' lang='lat' dir='ltr'><strong>quod</strong></span> <span class='ocrx_word' id='word_1_185' title='bbox 451 3819 506 3854; x_wconf 84' lang='lat' dir='ltr'><strong>esse</strong></span> <span class='ocrx_word' id='word_1_186' title='bbox 520 3809 620 3869; x_wconf 82' lang='lat' dir='ltr'><strong>potest,</strong></span> <span class='ocrx_word' id='word_1_187' title='bbox 629 3797 670 3850; x_wconf 83' lang='lat' dir='ltr'><strong>vol</strong></span> <span class='ocrx_word' id='word_1_188' title='bbox 682 3799 796 3867; x_wconf 70' lang='lat' dir='ltr'><strong>signum,</strong></span> <span class='ocrx_word' id='word_1_189' title='bbox 816 3792 890 3868; x_wconf 74' lang='lat' dir='ltr'><strong>qued</strong></span> 
     </span>
     <span class='ocr_line' id='line_1_31' title="bbox 362 3863 890 3929; baseline -0.009 -9"><span class='ocrx_word' id='word_1_190' title='bbox 362 3869 451 3926; x_wconf 80' lang='lat' dir='ltr'><strong>hostes</strong></span> <span class='ocrx_word' id='word_1_191' title='bbox 468 3868 548 3927; x_wconf 85' lang='lat' dir='ltr'><strong>dant,</strong></span> <span class='ocrx_word' id='word_1_192' title='bbox 574 3871 624 3929; x_wconf 83' lang='lat' dir='ltr'><strong>(et</strong></span> <span class='ocrx_word' id='word_1_193' title='bbox 641 3868 723 3917; x_wconf 84' lang='lat' dir='ltr'><strong>sicce</strong></span> <span class='ocrx_word' id='word_1_194' title='bbox 744 3865 808 3914; x_wconf 86' lang='lat' dir='ltr'><strong>erim</strong></span> <span class='ocrx_word' id='word_1_195' title='bbox 836 3863 890 3916; x_wconf 78' lang='lat' dir='ltr'><strong>hor.</strong></span> 
     </span>
     <span class='ocr_line' id='line_1_32' title="bbox 360 3883 886 4002; baseline -0.021 -12"><span class='ocrx_word' id='word_1_196' title='bbox 360 3932 455 3998; x_wconf 80' lang='lat' dir='ltr'><strong>luco.)</strong></span> <span class='ocrx_word' id='word_1_197' title='bbox 473 3934 528 3994; x_wconf 83' lang='lat' dir='ltr'><strong>rel,</strong></span> <span class='ocrx_word' id='word_1_198' title='bbox 546 3957 560 3986; x_wconf 77' lang='lat' dir='ltr'><strong>e</strong></span> <span class='ocrx_word' id='word_1_199' title='bbox 584 3951 635 4002; x_wconf 82' lang='lat' dir='ltr'><strong>quo</strong></span> <span class='ocrx_word' id='word_1_200' title='bbox 662 3883 816 3999; x_wconf 68' lang='lat' dir='ltr'><strong>intelligitur</strong></span> <span class='ocrx_word' id='word_1_201' title='bbox 839 3929 886 3984; x_wconf 74' lang='lat' dir='ltr'><strong>lio·</strong></span> 
     </span>
     <span class='ocr_line' id='line_1_33' title="bbox 361 3997 889 4068; baseline -0.013 -13"><span class='ocrx_word' id='word_1_202' title='bbox 361 4006 444 4056; x_wconf 81' lang='lat' dir='ltr'><strong>stium</strong></span> <span class='ocrx_word' id='word_1_203' title='bbox 461 4001 592 4054; x_wconf 85' lang='lat' dir='ltr'><strong>incursio:</strong></span> <span class='ocrx_word' id='word_1_204' title='bbox 611 3999 800 4068; x_wconf 79' lang='lat' dir='ltr'><strong>adscripsitqne</strong></span> <span class='ocrx_word' id='word_1_205' title='bbox 826 3997 889 4056; x_wconf 76' lang='lat' dir='ltr'><strong>ideo,</strong></span> 
     </span>
     <span class='ocr_line' id='line_1_34' title="bbox 360 4066 885 4136; baseline -0.004 -18"><span class='ocrx_word' id='word_1_206' title='bbox 360 4073 527 4128; x_wconf 77' lang='lat' dir='ltr'><strong>incursionis,</strong></span> <span class='ocrx_word' id='word_1_207' title='bbox 546 4077 575 4122; x_wconf 85' lang='lat' dir='ltr'><strong>ut</strong></span> <span class='ocrx_word' id='word_1_208' title='bbox 591 4066 655 4120; x_wconf 72' lang='lat' dir='ltr'><strong>adeo</strong></span> <span class='ocrx_word' id='word_1_209' title='bbox 668 4067 703 4118; x_wconf 82' lang='lat' dir='ltr'><strong>sit</strong></span> <span class='ocrx_word' id='word_1_210' title='bbox 713 4070 777 4136; x_wconf 73' lang='lat' dir='ltr'><strong>siga.</strong></span> <span class='ocrx_word' id='word_1_211' title='bbox 791 4069 885 4125; x_wconf 77' lang='lat' dir='ltr'><strong>incurs.</strong></span> 
     </span>
     <span class='ocr_line' id='line_1_35' title="bbox 360 4131 886 4204; baseline -0.011 -18"><span class='ocrx_word' id='word_1_212' title='bbox 360 4135 428 4187; x_wconf 76' lang='lat' dir='ltr'><strong>lost.</strong></span> <span class='ocrx_word' id='word_1_213' title='bbox 456 4134 570 4188; x_wconf 63' lang='lat' dir='ltr'><strong>&amp;aaut</strong></span> <span class='ocrx_word' id='word_1_214' title='bbox 597 4132 704 4204; x_wconf 80' lang='lat' dir='ltr'><strong>quidem</strong></span> <span class='ocrx_word' id='word_1_215' title='bbox 724 4131 798 4185; x_wconf 80' lang='lat' dir='ltr'><strong>codd</strong></span> <span class='ocrx_word' id='word_1_216' title='bbox 835 4131 886 4188; x_wconf 76' lang='lat' dir='ltr'><strong>hoc</strong></span> 
     </span>
     <span class='ocr_line' id='line_1_36' title="bbox 359 4199 887 4268; baseline -0.002 -16"><span class='ocrx_word' id='word_1_217' title='bbox 359 4201 486 4266; x_wconf 67' lang='lat' dir='ltr'><strong>verbum</strong></span> <span class='ocrx_word' id='word_1_218' title='bbox 508 4199 552 4254; x_wconf 78' lang='lat' dir='ltr'><strong>sel</strong></span> <span class='ocrx_word' id='word_1_219' title='bbox 571 4217 638 4256; x_wconf 81' lang='lat' dir='ltr'><strong>unus</strong></span> <span class='ocrx_word' id='word_1_220' title='bbox 653 4199 735 4256; x_wconf 68' lang='lat' dir='ltr'><strong>milex</strong></span> <span class='ocrx_word' id='word_1_221' title='bbox 760 4201 887 4268; x_wconf 70' lang='lat' dir='ltr'><strong>antiquus,</strong></span> 
     </span>
     <span class='ocr_line' id='line_1_37' title="bbox 359 4265 885 4328; baseline 0 -10"><span class='ocrx_word' id='word_1_222' title='bbox 359 4277 388 4322; x_wconf 74' lang='lat' dir='ltr'><strong>st</strong></span> <span class='ocrx_word' id='word_1_223' title='bbox 404 4267 510 4328; x_wconf 78' lang='lat' dir='ltr'><strong>honus,</strong></span> <span class='ocrx_word' id='word_1_224' title='bbox 528 4265 608 4320; x_wconf 79' lang='lat' dir='ltr'><strong>lubet</strong></span> <span class='ocrx_word' id='word_1_225' title='bbox 637 4268 832 4326; x_wconf 75' lang='lat' dir='ltr'><strong>incursionibus,</strong></span> <span class='ocrx_word' id='word_1_226' title='bbox 856 4267 885 4318; x_wconf 88' lang='lat' dir='ltr'><strong>iu</strong></span> 
     </span>
     <span class='ocr_line' id='line_1_38' title="bbox 358 4327 885 4413; baseline 0 -29"><span class='ocrx_word' id='word_1_227' title='bbox 358 4354 409 4404; x_wconf 86' lang='lat' dir='ltr'><strong>quo</strong></span> <span class='ocrx_word' id='word_1_228' title='bbox 423 4345 461 4386; x_wconf 85' lang='lat' dir='ltr'><strong>cst</strong></span> <span class='ocrx_word' id='word_1_229' title='bbox 473 4327 558 4386; x_wconf 75' lang='lat' dir='ltr'><strong>salissa</strong></span> <span class='ocrx_word' id='word_1_230' title='bbox 573 4335 738 4413; x_wconf 86' lang='lat' dir='ltr'><strong>suspicionis.</strong></span> <span class='ocrx_word' id='word_1_231' title='bbox 760 4333 801 4385; x_wconf 77' lang='lat' dir='ltr'><strong>M.</strong></span> <span class='ocrx_word' id='word_1_232' title='bbox 816 4329 885 4384; x_wconf 84' lang='lat' dir='ltr'><strong>Ond.</strong></span> 
     </span>
     <span class='ocr_line' id='line_1_39' title="bbox 360 4397 888 4475; baseline 0.004 -25"><span class='ocrx_word' id='word_1_233' title='bbox 360 4401 422 4452; x_wconf 74' lang='lat' dir='ltr'><strong>inilc</strong></span> <span class='ocrx_word' id='word_1_234' title='bbox 440 4397 516 4475; x_wconf 65' lang='lat' dir='ltr'><strong>malit</strong></span> <span class='ocrx_word' id='word_1_235' title='bbox 532 4406 684 4462; x_wconf 67' lang='lat' dir='ltr'><strong>triatrsioni,</strong></span> <span class='ocrx_word' id='word_1_236' title='bbox 701 4399 747 4452; x_wconf 87' lang='lat' dir='ltr'><strong>sed</strong></span> <span class='ocrx_word' id='word_1_237' title='bbox 771 4409 888 4471; x_wconf 76' lang='lat' dir='ltr'><strong>praestat¹</strong></span> 
     </span>
     <span class='ocr_line' id='line_1_40' title="bbox 360 4465 780 4554; baseline -0.005 -33"><span class='ocrx_word' id='word_1_238' title='bbox 360 4487 387 4524; x_wconf 79' lang='lat' dir='ltr'><strong>sc</strong></span> <span class='ocrx_word' id='word_1_239' title='bbox 397 4469 435 4554; x_wconf 70' lang='lat' dir='ltr'><strong>pri</strong></span> <span class='ocrx_word' id='word_1_240' title='bbox 450 4465 576 4534; x_wconf 59' lang='lat' dir='ltr'><strong>rodiam.</strong></span> <span class='ocrx_word' id='word_1_241' title='bbox 777 4477 780 4484; x_wconf 92' lang='grc'><strong><em>·</em></strong></span> 
     </span>
    </p>
   </div>
   <div class='ocr_carea' id='block_1_3' title="bbox 990 3467 1480 3588">
    <p class='ocr_par' dir='ltr' id='par_1_5' title="bbox 990 3467 1480 3588">
     <span class='ocr_line' id='line_1_41' title="bbox 990 3467 1480 3588; baseline 0.008 -72"><span class='ocrx_word' id='word_1_242' title='bbox 990 3467 1091 3532; x_wconf 60' lang='lat' dir='ltr'><strong>upum</strong></span> <span class='ocrx_word' id='word_1_243' title='bbox 1106 3467 1230 3520; x_wconf 64' lang='lat' dir='ltr'><strong>immin</strong></span> <span class='ocrx_word' id='word_1_244' title='bbox 1244 3469 1370 3588; x_wconf 57' lang='lat' dir='ltr'><strong>sweep.</strong></span> <span class='ocrx_word' id='word_1_245' title='bbox 1394 3470 1434 3524; x_wconf 84' lang='lat' dir='ltr'><strong>ut</strong></span> <span class='ocrx_word' id='word_1_246' title='bbox 1445 3472 1480 3524; x_wconf 81' lang='lat' dir='ltr'><strong>n-</strong></span> 
     </span>
    </p>
   </div>
   <div class='ocr_carea' id='block_1_4' title="bbox 955 3531 1479 3672">
    <p class='ocr_par' dir='ltr' id='par_1_6' title="bbox 955 3531 1479 3672">
     <span class='ocr_line' id='line_1_42' title="bbox 955 3531 1479 3608; baseline 0.011 -24"><span class='ocrx_word' id='word_1_247' title='bbox 955 3531 1054 3608; x_wconf 82' lang='lat' dir='ltr'><strong>cimus,</strong></span> <span class='ocrx_word' id='word_1_248' title='bbox 1072 3535 1174 3594; x_wconf 71' lang='lat' dir='ltr'><strong>sinuum</strong></span> <span class='ocrx_word' id='word_1_249' title='bbox 1191 3535 1252 3588; x_wconf 83' lang='lat' dir='ltr'><strong>darc</strong></span> <span class='ocrx_word' id='word_1_250' title='bbox 1271 3557 1297 3588; x_wconf 73' lang='lat' dir='ltr'><strong>ru</strong></span> <span class='ocrx_word' id='word_1_251' title='bbox 1313 3557 1329 3588; x_wconf 82' lang='lat' dir='ltr'><strong>a</strong></span> <span class='ocrx_word' id='word_1_252' title='bbox 1352 3557 1421 3608; x_wconf 73' lang='lat' dir='ltr'><strong>qiu:</strong></span> <span class='ocrx_word' id='word_1_253' title='bbox 1445 3541 1479 3590; x_wconf 84' lang='lat' dir='ltr'><strong>sic</strong></span> 
     </span>
     <span class='ocr_line' id='line_1_43' title="bbox 957 3597 1479 3672; baseline 0.011 -24"><span class='ocrx_word' id='word_1_254' title='bbox 957 3608 983 3648; x_wconf 86' lang='lat' dir='ltr'><strong>et</strong></span> <span class='ocrx_word' id='word_1_255' title='bbox 1000 3597 1050 3650; x_wconf 69' lang='lat' dir='ltr'><strong>‹lu-i</strong></span> <span class='ocrx_word' id='word_1_256' title='bbox 1075 3611 1179 3668; x_wconf 76' lang='lat' dir='ltr'><strong>potest,</strong></span> <span class='ocrx_word' id='word_1_257' title='bbox 1204 3603 1307 3670; x_wconf 77' lang='lat' dir='ltr'><strong>signum</strong></span> <span class='ocrx_word' id='word_1_258' title='bbox 1335 3606 1479 3672; x_wconf 69' lang='lat' dir='ltr'><strong>intelligere</strong></span> 
     </span>
    </p>
   </div>
   <div class='ocr_carea' id='block_1_5' title="bbox 956 3666 1480 3801">
    <p class='ocr_par' dir='ltr' id='par_1_7' title="bbox 956 3666 1480 3801">
     <span class='ocr_line' id='line_1_44' title="bbox 956 3666 1480 3742; baseline 0.021 -27"><span class='ocrx_word' id='word_1_259' title='bbox 956 3666 1106 3730; x_wconf 71' lang='lat' dir='ltr'><strong>(datum)</strong></span> <span class='ocrx_word' id='word_1_260' title='bbox 1134 3689 1160 3728; x_wconf 75' lang='lat' dir='ltr'><strong>re</strong></span> <span class='ocrx_word' id='word_1_261' title='bbox 1185 3668 1291 3740; x_wconf 65' lang='lat' dir='ltr'><strong>aliqua,</strong></span> <span class='ocrx_word' id='word_1_262' title='bbox 1313 3682 1480 3742; x_wconf 57' lang='lat' dir='ltr'><strong>consistorii</strong></span> 
     </span>
     <span class='ocr_line' id='line_1_45' title="bbox 956 3726 1069 3801; baseline 0.009 -18"><span class='ocrx_word' id='word_1_263' title='bbox 956 3757 1009 3801; x_wconf 63' lang='lat' dir='ltr'><strong>riui.</strong></span> <span class='ocrx_word' id='word_1_264' title='bbox 1031 3726 1069 3784; x_wconf 75' lang='lat' dir='ltr'><strong>ill.</strong></span> 
     </span>
    </p>
   </div>
   <div class='ocr_carea' id='block_1_6' title="bbox 954 3825 1477 4022">
    <p class='ocr_par' dir='ltr' id='par_1_8' title="bbox 954 3825 1477 4022">
     <span class='ocr_line' id='line_1_46' title="bbox 988 3825 1477 3898; baseline 0.006 -23"><span class='ocrx_word' id='word_1_265' title='bbox 988 3825 1109 3877; x_wconf 72' lang='lat' dir='ltr'><strong>Caesaris</strong></span> <span class='ocrx_word' id='word_1_266' title='bbox 1127 3827 1160 3878; x_wconf 80' lang='lat' dir='ltr'><strong>td.</strong></span> <span class='ocrx_word' id='word_1_267' title='bbox 1186 3825 1394 3898; x_wconf 78' lang='lat' dir='ltr'><strong>Oudendorpius</strong></span> <span class='ocrx_word' id='word_1_268' title='bbox 1416 3829 1477 3884; x_wconf 79' lang='lat' dir='ltr'><strong>eli-</strong></span> 
     </span>
     <span class='ocr_line' id='line_1_47' title="bbox 954 3889 1477 3968; baseline 0.008 -26"><span class='ocrx_word' id='word_1_269' title='bbox 954 3889 1009 3942; x_wconf 77' lang='lat' dir='ltr'><strong>liris</strong></span> <span class='ocrx_word' id='word_1_270' title='bbox 1028 3891 1104 3944; x_wconf 73' lang='lat' dir='ltr'><strong>bonis</strong></span> <span class='ocrx_word' id='word_1_271' title='bbox 1121 3893 1226 3946; x_wconf 81' lang='lat' dir='ltr'><strong>addidit</strong></span> <span class='ocrx_word' id='word_1_272' title='bbox 1248 3897 1282 3946; x_wconf 70' lang='lat' dir='ltr'><strong>iit.</strong></span> <span class='ocrx_word' id='word_1_273' title='bbox 1317 3898 1360 3947; x_wconf 90' lang='lat' dir='ltr'><strong>M.</strong></span> <span class='ocrx_word' id='word_1_274' title='bbox 1411 3895 1477 3968; x_wconf 85' lang='lat' dir='ltr'><strong>qnod</strong></span> 
     </span>
     <span class='ocr_line' id='line_1_48' title="bbox 954 3957 1423 4022; baseline 0.011 -12"><span class='ocrx_word' id='word_1_275' title='bbox 954 3957 1103 4018; x_wconf 67' lang='lat' dir='ltr'><strong>deleverant</strong></span> <span class='ocrx_word' id='word_1_276' title='bbox 1120 3960 1228 4022; x_wconf 79' lang='lat' dir='ltr'><strong>Vossius</strong></span> <span class='ocrx_word' id='word_1_277' title='bbox 1245 3971 1272 4013; x_wconf 81' lang='lat' dir='ltr'><strong>et</strong></span> <span class='ocrx_word' id='word_1_278' title='bbox 1289 3963 1423 4015; x_wconf 77' lang='lat' dir='ltr'><strong>Clarlrius.</strong></span> 
     </span>
    </p>
   </div>
   <div class='ocr_carea' id='block_1_7' title="bbox 952 4041 1476 4540">
    <p class='ocr_par' dir='ltr' id='par_1_9' title="bbox 952 4041 1476 4540">
     <span class='ocr_line' id='line_1_49' title="bbox 986 4041 1476 4114; baseline 0 -22"><span class='ocrx_word' id='word_1_279' title='bbox 986 4041 1142 4114; x_wconf 64' lang='lat' dir='ltr'><strong>deficeretur.</strong></span> <span class='ocrx_word' id='word_1_280' title='bbox 1165 4041 1187 4094; x_wconf 86' lang='lat' dir='ltr'>E</span> <span class='ocrx_word' id='word_1_281' title='bbox 1206 4043 1295 4114; x_wconf 77' lang='lat' dir='ltr'><strong>probis</strong></span> <span class='ocrx_word' id='word_1_282' title='bbox 1312 4043 1392 4097; x_wconf 87' lang='lat' dir='ltr'><strong>codd.</strong></span> <span class='ocrx_word' id='word_1_283' title='bbox 1413 4043 1476 4096; x_wconf 80' lang='lat' dir='ltr'><strong>bene</strong></span> 
     </span>
     <span class='ocr_line' id='line_1_50' title="bbox 953 4109 1475 4178; baseline -0.013 -14"><span class='ocrx_word' id='word_1_284' title='bbox 953 4109 999 4164; x_wconf 68' lang='lat' dir='ltr'><strong>tle·</strong></span> <span class='ocrx_word' id='word_1_285' title='bbox 1019 4109 1083 4162; x_wconf 83' lang='lat' dir='ltr'><strong>lude</strong></span> <span class='ocrx_word' id='word_1_286' title='bbox 1101 4110 1210 4173; x_wconf 67' lang='lat' dir='ltr'><strong>desertus</strong></span> <span class='ocrx_word' id='word_1_287' title='bbox 1228 4110 1258 4162; x_wconf 90' lang='lat' dir='ltr'><strong>C.</strong></span> <span class='ocrx_word' id='word_1_288' title='bbox 1277 4111 1308 4171; x_wconf 81' lang='lat'><strong>3,</strong></span> <span class='ocrx_word' id='word_1_289' title='bbox 1334 4123 1367 4178; x_wconf 72' lang='lat'><strong>40</strong></span> <span class='ocrx_word' id='word_1_290' title='bbox 1395 4121 1420 4162; x_wconf 89' lang='lat' dir='ltr'><strong>et</strong></span> <span class='ocrx_word' id='word_1_291' title='bbox 1439 4116 1475 4172; x_wconf 67' lang='lat'><strong>64.</strong></span> 
     </span>
     <span class='ocr_line' id='line_1_51' title="bbox 952 4168 1474 4246; baseline 0 -20"><span class='ocrx_word' id='word_1_292' title='bbox 952 4178 1018 4226; x_wconf 84' lang='lat' dir='ltr'><strong>item</strong></span> <span class='ocrx_word' id='word_1_293' title='bbox 1036 4176 1106 4246; x_wconf 82' lang='lat' dir='ltr'><strong>apud</strong></span> <span class='ocrx_word' id='word_1_294' title='bbox 1124 4168 1270 4230; x_wconf 77' lang='lat' dir='ltr'><strong>Phaedrum</strong></span> <span class='ocrx_word' id='word_1_295' title='bbox 1293 4195 1317 4239; x_wconf 84' lang='lat' dir='ltr'><strong>r,</strong></span> <span class='ocrx_word' id='word_1_296' title='bbox 1338 4195 1379 4230; x_wconf 85' lang='lat'><strong>21.</strong></span> <span class='ocrx_word' id='word_1_297' title='bbox 1396 4177 1474 4244; x_wconf 74' lang='lat' dir='ltr'><strong>Vulgo</strong></span> 
     </span>
     <span class='ocr_line' id='line_1_52' title="bbox 952 4242 1322 4316; baseline 0 -24"><span class='ocrx_word' id='word_1_298' title='bbox 952 4242 1084 4316; x_wconf 18' lang='lat' dir='ltr'><strong>adplicaret..</strong></span> <span class='ocrx_word' id='word_1_299' title='bbox 1319 4263 1322 4268; x_wconf 92' lang='lat'>·</span> 
     </span>
     <span class='ocr_line' id='line_1_53' title="bbox 952 4317 1473 4395; baseline 0.006 -28"><span class='ocrx_word' id='word_1_300' title='bbox 952 4363 954 4375; x_wconf 86' lang='grc'>,</span> <span class='ocrx_word' id='word_1_301' title='bbox 976 4317 1073 4393; x_wconf 80' lang='lat' dir='ltr'><strong>fidelos</strong></span> <span class='ocrx_word' id='word_1_302' title='bbox 1091 4327 1192 4374; x_wconf 83' lang='lat' dir='ltr'><strong>amicos.</strong></span> <span class='ocrx_word' id='word_1_303' title='bbox 1210 4319 1264 4376; x_wconf 78' lang='lat' dir='ltr'><strong>Alii</strong></span> <span class='ocrx_word' id='word_1_304' title='bbox 1274 4321 1358 4395; x_wconf 70' lang='lat' dir='ltr'><strong>fissile</strong></span> <span class='ocrx_word' id='word_1_305' title='bbox 1375 4328 1473 4374; x_wconf 65' lang='lat' dir='ltr'><strong>erroneos.</strong></span> 
     </span>
     <span class='ocr_line' id='line_1_54' title="bbox 989 4398 1474 4470; baseline 0.004 -22"><span class='ocrx_word' id='word_1_306' title='bbox 989 4398 1049 4468; x_wconf 73' lang='lat' dir='ltr'><strong>Tuli</strong></span> <span class='ocrx_word' id='word_1_307' title='bbox 1056 4403 1128 4453; x_wconf 72' lang='lat' dir='ltr'><strong>corut.</strong></span> <span class='ocrx_word' id='word_1_308' title='bbox 1132 4419 1206 4470; x_wconf 82' lang='lat' dir='ltr'><strong>prop.</strong></span> <span class='ocrx_word' id='word_1_309' title='bbox 1214 4399 1388 4455; x_wconf 66' lang='lat' dir='ltr'><strong>nuilla-tiis</strong></span> <span class='ocrx_word' id='word_1_310' title='bbox 1400 4414 1417 4456; x_wconf 90' lang='lat' dir='ltr'><strong>t.</strong></span> <span class='ocrx_word' id='word_1_311' title='bbox 1423 4418 1474 4453; x_wconf 79' lang='lat' dir='ltr'><strong>aus·</strong></span> 
     </span>
     <span class='ocr_line' id='line_1_55' title="bbox 954 4465 1361 4540; baseline 0.01 -24"><span class='ocrx_word' id='word_1_312' title='bbox 954 4466 1031 4536; x_wconf 87' lang='lat' dir='ltr'><strong>ponit</strong></span> <span class='ocrx_word' id='word_1_313' title='bbox 1050 4465 1110 4520; x_wconf 68' lang='lat' dir='ltr'><strong>Tati·</strong></span> <span class='ocrx_word' id='word_1_314' title='bbox 1127 4470 1199 4521; x_wconf 69' lang='lat' dir='ltr'><strong>rouel.</strong></span> <span class='ocrx_word' id='word_1_315' title='bbox 1218 4469 1267 4522; x_wconf 80' lang='lat' dir='ltr'><strong>Bu.</strong></span> <span class='ocrx_word' id='word_1_316' title='bbox 1283 4489 1361 4540; x_wconf 49' lang='lat' dir='ltr'><strong>prop&lt;</strong></span> 
     </span>
    </p>
   </div>
   <div class='ocr_carea' id='block_1_8' title="bbox 0 0 1518 5264">
    <p class='ocr_par' dir='ltr' id='par_1_10' title="bbox 0 0 1518 5264">
     <span class='ocr_line' id='line_1_56' title="bbox 0 0 1518 5264; baseline 0 2"><span class='ocrx_word' id='word_1_317' title='bbox 0 0 1518 5264; x_wconf 95' lang='lat' dir='ltr'><strong> </strong></span> 
     </span>
    </p>
   </div>
  </div>
 </body>
</html>
