3026 5264
393 403 473 466 nno.
509 407 536 465 1.
571 407 663 468 cnr.
700 370 809 467 6-8.
1058 351 1151 504 369

29 599 244 682 Tribmitia
266 621 462 705 potestate,
493 624 611 684 tamen
627 611 912 684 intercessionem
928 603 1075 682 liberam
1094 633 1154 680 re-

23 725 186 826 liquisse
198 757 212 811 ,·
242 727 473 826 Pompeium,
503 732 567 826 qui
593 733 728 800 amissa
757 729 954 800 restituisse
972 725 1153 814 videatur,

24 840 129 912 dona
163 845 290 930 ettam,
316 865 407 937 qnae
430 853 514 912 ante
538 839 721 926 babuerit,
755 839 940 912 ademisse.
991 837 1153 940 Quoties·

23 977 187 1051 cumque
210 958 259 1028 sit
289 955 485 1038 decretum,
517 952 641 1027 darent
665 957 901 1052 magistratus
918 975 1080 1046 operam,
1107 975 1153 1022 ne

24 1067 123 1162 quid
155 1067 373 1166 Respublica
399 1067 601 1142 detrimenti
625 1080 765 1168 caperet
784 1121 795 1156 ,
815 1091 886 1164 qua
912 1087 995 1139 voce
1023 1077 1057 1138 et
1082 1089 1151 1161 pao
1205 1145 1225 1186 x

27 1176 66 1249 S.
102 1179 147 1250 C.
174 1180 338 1277 Populus
357 1181 543 1254 Romanas
558 1181 609 1255 ad
621 1207 725 1254 arina
741 1185 790 1254 sit
815 1191 962 1254 vocatus
977 1231 988 1264 ,
1001 1177 1155 1272 firctam

26 1296 67 1362 in
91 1294 313 1384 perniciosis'
336 1295 495 1395 legibus,
525 1300 618 1370 invi
641 1295 861 1383 Tribunitra,
890 1295 930 1363 in
954 1297 1153 1364 secessione

23 1411 174 1508 populi,
199 1411 339 1510 tenrplis
368 1413 523 1510 locisque
552 1409 758 1492 editioribus
784 1411 979 1505 occupatis.
1025 1405 1153 1504 Atque

27 1526 123 1600 naec
147 1532 342 1626 superioris
372 1533 499 1602 aetatis
528 1527 690 1626 exempla
719 1529 864 1624 expieta
891 1521 1077 1596 Saturnini
1099 1538 1153 1596 at·

29 1664 99 1736 que
127 1640 548 1724 Gracchorum'aasibus·
567 1641 691 1714 docet.
744 1641 905 1741 Quarum
938 1664 1057 1712 rerum
1090 1639 1151 1710 ilio

32 1767 191 1854 tempo‘re
214 1756 489 1852 nibilsactum,
515 1783 560 1832 ne
582 1755 959 1856 cogitatrmt·quidem;
980 1755 1153 1827 anticlea

27 1871 287 1970 promulgata,
318 1887 389 1956 tlon
414 1898 496 1946 oum
517 1872 649 1971 populo
674 1875 743 1971 agi
764 1883 948 1968 coeptum,
972 1868 1071 1940 nulla
1100 1891 1155 1941 se·

29 1993 149 2059 cessio
166 1987 285 2082 sacta.
328 1990 536 2078 Hortatur,
562 1991 667 2060 cuius
691 1983 922 2084 Imperatoris
952 1985 1062 2058 ductu
1087 2010 1156 2056 no-

32 2128 113 2176 vem
138 2109 245 2176 annis
270 2101 540 2202 Rempublieam
550 2101 773 2197 felicissime
785 2105 966 2201 gesserint
979 2103 1155 2198 plurima·

33 2243 103 2316 que
124 2219 265 2318 proelio
289 2219 446 2294 secunda
459 2217 621 2315 fecerim
629 2235 644 2304 ,·
666 2241 806 2290 omnem
833 2213 986 2286 Galliam
1008 2197 1155 2286 Germa*-

35 2335 204 2432 niampue
223 2338 454 2432 pacaverint,
487 2345 528 2424 ut
555 2335 631 2432 eius
660 2333 960 2405 existimationem
990 2327 1155 2425 dignita·

35 2457 176 2542 temque
199 2447 243 2520 ab
269 2447 428 2520 inimicis
458 2436 662 2541 dependam.
721 2441 968 2517 Conclamant
998 2438 1153 2540 legionis

37 2553 155 2648 Xlll,
182 2583 276 2656 quae
308 2559 461 2650 aderat,
487 2559 649 2646 milites;
687 2559 784 2631 hanc
819 2557 917 2630 enim
949 2553 1055 2627 initio
1089 2557 1154 2625 tu-

40 2675 183 2750 multus
211 2683 459 2767 evocaverat,
482 2677 646 2778 reliquae
681 2675 1151 2760 nondumconvenerant,
1199 2693 1200 2700 ¹

42 2815 118 2866 sese
146 2801 296 2894 paratos
322 2818 425 2883 esse,
461 2794 703 2892 Imperatoris
736 2793 793 2866 sni
826 2789 1154 2889 'tribunorumque

39 2902 155 3004 plebis
182 2911 334 2984 iniurias
366 2909 576 2984 defendere.
1174 2901 1178 2908 ’

88 3017 125 3096 8.
153 3022 314 3126 Cognita
341 3023 503 3096 militum
524 3019 739 3108 voluntate,
767 3019 978 3094 Ariminum
1003 3041 1089 3092 cum
1110 3043 1155 3092 ea
1255 3077 1263 3092 .

40 3130 184 3235 legione
211 3137 480 3237 proficiscitur,
511 3136 637 3232 ibique
664 3135 851 3207 Tribunos
869 3132 1005 3232 plebis,
1023 3134 1086 3230 qui
1107 3133 1156 3206 ad

42 3275 125 3324 eum
152 3254 420 3353 confugerant,
447 3253 646 3336 convenit;
672 3249 833 3347 reliquas
853 3248 1016 3349 legiones
1034 3271 1081 3320 ex
1099 3248 1154 3320 hi·

43 3361 164 3440 bernis
190 3373 327 3440 evocat
356 3373 395 3440 et
425 3365 597 3462 subsequi
628 3365 746 3437 iubet.
771 3365 827 3436 Eo
854 3363 899 3434 1..
915 3363 1050 3436 Caesar
1068 3361 1156 3436 ado·

55 3607 151 3676 'tona
168 3621 251 3677 Multi
267 3612 409 3674 voluerunt
422 3615 471 3688 legi
482 3619 564 3680 bonap
634 3626 672 3684 rt,
693 3624 731 3672 15.
753 3622 793 3670 16.
818 3617 956 3670 cellarius.
981 3617 1059 3672 Adde
1083 3616 1158 3674 Livii

46 3685 208 3746 Marchadas
219 3692 247 3742 in
261 3683 485 3760 explicationibus
501 3695 564 3738 vett.
631 3687 696 3755 cpit.
715 3689 761 3748 58,
778 3690 826 3753 59,
844 3689 885 3754 69.

47 3767 138 3811 auctor.
156 3755 262 3816 meluit,
281 3757 376 3808 omnia.
400 3755 476 3808 Certe
497 3754 566 3804 dorca
655 3753 702 3804 ‘lie
744 3789 750 3802 .
771 3765 863 3822 gerunt
889 3751 1005 3813 milites,
1026 3753 1075 3823 qui
1097 3769 1155 3806 cum

46 3821 96 3876 dici
121 3825 148 3877 h.
167 3825 185 3876 l.
203 3843 258 3876 uon
316 3821 464 3876 scusisti.
489 3819 566 3872 Dona
632 3815 710 3872 defen
732 3827 791 3872 unt.
810 3820 847 3870 Μ,

46 3887 111 3943 oud.
137 3891 196 3945 heic
220 3843 347 3962 intebigit
375 3889 566 3959 praerogativas
665 3903 764 3939 omnem
784 3885 969 3939 tantummodo
986 3883 1020 3938 cd
1038 3883 1155 3941 Galliam
1264 3895 1268 3902 “

47 3952 212 4012 Tribunttiae
224 3959 348 4030 potestati
358 3971 500 4010 concessas.
515 3955 566 4006 Pro
632 3953 722 4005 reterri
740 3963 836 4024 potest.
855 3955 892 4004 Μ.

49 4023 209 4090 Pmecedenti
233 4030 329 4078 amesa
353 4019 409 4076 scil.
433 4025 502 4074 dona
526 4019 567 4074 vel
665 4033 819 4072 evocaverat.
838 4019 965 4074 hibernis.
983 4019 1028 4074 sie
1043 4038 1065 4074 c·
1084 4017 1156 4072 ΕΜ.

49 4094 130 4142 omnic
144 4089 202 4146 edd.
215 4101 280 4145 vett.
297 4093 363 4145 daut
379 4094 499 4144 amissam
509 4087 565 4140 scil.
666 4087 996 4159 An'minumprosecisatur.
1005 4083 1156 4139 multisunt

49 4151 151 4270 {fletum
162 4163 374 4212 inaccessionem.
390 4159 498 4229 Recepit
510 4157 568 4210 sca·
632 4164 731 4207 veteres
742 4156 770 4207 in
782 4153 831 4208 linc
847 4175 874 4207 re
892 4153 1028 4206 narranda.
1046 4153 1156 4206 Sueten.

62 4239 180 4370 lgteermplis
191 4321 224 4332 -
233 4297 370 4359 ocatpatis,
389 4297 419 4344 ut
435 4289 567 4345 Gracchus
632 4218 1157 4358 lisbioaabtrisirubbbutantilliubilelniliurblllibti

52 4351 87 4406 Gt
106 4359 211 4414 stolium
227 4361 371 4429 occupavit.
389 4357 558 4436 Rbellicanas.
632 4366 707 4409 ctum
724 4365 771 4409 est.
788 4357 831 4410 M.

82 4373 139 4476 lat.
150 4435 227 4496 atque
239 4425 349 4478 Graoalt.
367 4423 422 4479 vicl.
439 4425 529 4478 Florus
541 4427 569 4488 d,
669 4423 796 4477 tbebvnos
809 4424 849 4494 pl.
867 4421 910 4477 Cl.
925 4441 948 4476 c.
967 4429 991 4476 5.
1008 4421 1053 4474 M.

150 4523 306 4600 crau.
333 4519 528 4597 Commeat.
567 4522 677 4594 Tam.
703 4521 733 4596 1.
894 4519 1008 4593 Aac

869 4693 887 4727 s.

480 4783 489 4828 t
