2986 5268
339 337 434 430 232
705 359 760 428 nn
794 369 929 430 nunno
964 371 1087 434 onon.

629 497 631 502 .
712 477 724 508 l

339 594 466 644 rerum
506 569 675 644 omnium
714 570 840 671 inopia
880 573 1111 670 pereundum
1146 571 1348 646 videretur.
1394 567 1440 644 lc

340 711 448 786 saepe
482 688 520 760 in
555 711 641 760 enm
676 683 804 762 locum
840 694 998 764 ventum
1029 695 1107 780 est,
1133 695 1243 762 tanto
1270 691 1310 762 in
1336 690 1441 760 omnis

340 804 458 902 partis
485 801 603 876 diviso
630 805 823 900 equitatu,
850 810 894 878 ut
919 805 1033 878 modo
1065 807 1189 879 visum
1221 805 1270 878 ab
1302 831 1339 878 se
1364 807 1442 877 Am-

340 917 523 1016 biorigem
549 917 588 990 in
615 916 703 1018 suga
730 917 975 1016 captivi,nec
994 917 1103 1018 plene
1130 922 1248 993 etiam
1276 919 1388 992 abisse
1408 939 1444 987 er

341 1037 548 1130 conspectu
574 1031 867 1122 contenderent,
894 1040 957 1123 ut,
985 1057 1050 1134 spe
1077 1033 1329 1130 consequendi
1346 1029 1444 1103 inlata

342 1155 458 1249 atque
484 1149 631 1223 infinito
658 1149 784 1222 labore
811 1158 1006 1250 suscepto,
1033 1153 1098 1248 qui
1124 1176 1162 1224 ee
1189 1173 1377 1222 summam
1406 1147 1442 1218 ab

343 1267 500 1342 Caesare
526 1267 688 1368 gratiam
721 1265 880 1340 inituros
913 1273 1112 1366 putarent,
1138 1291 1257 1367 paene
1292 1270 1445 1336 naturam

345 1379 471 1454 studio
499 1381 716 1470 vincerent,
742 1403 962 1480 semperque
993 1379 1162 1482 paullum
1191 1380 1241 1452 ad
1277 1400 1444 1452 summan

345 1495 562 1571 felicitatem
591 1495 748 1570 defuisse
775 1498 985 1589 videretur,
1004 1505 1118 1596 atque
1139 1497 1199 1571 ille
1219 1489 1372 1570 latebris
1395 1499 1446 1564 ent

346 1613 503 1688 saltibus
529 1639 567 1686 se
594 1614 753 1713 eriperet
778 1619 819 1688 et
844 1621 961 1688 noctu
988 1613 1201 1688 occultatus
1230 1613 1323 1688 alies
1348 1611 1446 1709 regio

349 1759 414 1806 nes
441 1739 638 1832 partesque
664 1737 832 1830 peteret,
858 1755 933 1803 non
959 1733 1099 1820 maiore
1125 1733 1301 1829 equitum
1327 1727 1447 1830 proesi-

350 1845 433 1934 dio,
460 1871 573 1944 quem
600 1851 785 1943 quatuor,
812 1845 946 1944 quibus
972 1845 1059 1920 solis
1085 1847 1205 1920 vitam
1232 1870 1341 1920 suam
1366 1865 1448 1916 con-

347 1960 500 2034 mittere
528 1959 702 2034 audebat.

403 2078 465 2164 44.
504 2073 587 2148 Tali
626 2073 740 2148 modo
780 2074 935 2148 vastatis
977 2069 1219 2175 regionibns,
1260 2071 1448 2147 exercitum

347 2190 482 2265 Caesar
500 2191 660 2266 duarum
677 2191 891 2264 cohortium
906 2189 1375 2282 damno,Dnrocortorum
1393 2188 1449 2258 ne-

349 2329 501 2381 morum
526 2307 693 2396 reducit,
720 2305 954 2404 concilioque
983 2308 1022 2380 in
1055 2331 1142 2380 eum
1172 2305 1303 2382 locum
1330 2299 1448 2374 Galliae

349 2417 516 2510 indicto,
530 2420 574 2491 de
590 2421 849 2494 coniuratione
868 2421 1058 2528 Senonum
1077 2427 1115 2496 et
1134 2421 1344 2496 Carnutum
1358 2435 1449 2513 quat·

352 2537 515 2610 ctionem
541 2538 678 2611 hebere
704 2538 888 2624 instituit;
906 2543 945 2610 et
964 2537 1009 2610 de
1026 2540 1198 2628 Accone,
1215 2539 1282 2636 qui
1300 2535 1448 2635 princeps

352 2650 433 2724 eius
458 2650 600 2724 consilii
628 2651 965 2749 fueret,graviorc
991 2652 1176 2726 sententia
1203 2646 1453 2749 pronunciata,

353 2785 459 2834 more
476 2763 664 2836 maiorum
682 2765 906 2864 subplicium
923 2768 1068 2840 sumsit.
1093 2765 1272 2838 Nonnulli
1291 2757 1449 2836 iudicium

356 2879 467 2954 veriti
498 2880 765 2982 profugerunt3
793 2883 928 2979 quibus
963 2907 1081 2980 quum
1114 2907 1211 2979 eque
1249 2887 1361 2978 atque
1391 2867 1450 2968 igni

356 2994 632 3086 interdixisset,
655 2997 746 3072 duos
773 2997 936 3097 legiones
963 2997 1010 3070 ad
1034 2997 1126 3070 fines
1152 2997 1408 3072 Trevirorum,
1422 2982 1450 3051 iss

356 3109 605 3211 LingonibuS,
629 3136 693 3184 sex
719 3111 880 3210 reliquas
906 3112 943 3183 in
971 3114 1164 3186 Senonum
1190 3109 1326 3182 finibus
1350 3103 1450 3197 Agen-

358 3225 432 3300 dici
461 3227 500 3300 in
533 3227 694 3302 hibernis
728 3225 970 3315 conlocavit5
1006 3227 1272 3322 frumentoque
1307 3213 1452 3294 exercitu

356 3351 528 3448 proviso,
567 3353 610 3418 ut
644 3343 880 3433 instituerat,
909 3346 948 3416 in
985 3342 1133 3418 ltaliam
1171 3341 1219 3414 ed
1258 3337 1450 3416 conventus

314 3511 319 3524 ·
359 3461 522 3562 agendos
547 3461 737 3562 profectus
764 3464 832 3532 est.

393 3733 423 3774 ut
438 3719 515 3772 modo
532 3715 642 3788 (paullo
664 3721 740 3782 unte)
757 3721 836 3768 vnum
852 3743 885 3756 -
951 3724 1015 3769 sunt
1031 3725 1047 3766 n
1066 3707 1194 3786 plerisque
1211 3709 1288 3768 codd,
1320 3700 1351 3761 1„
1367 3695 1450 3774 poileio·

363 3787 447 3858 Vulgo
470 3781 615 3854 legebatur:
633 3797 661 3836 nt
686 3803 738 3838 non
760 3787 835 3835 modo
853 3808 885 3823 -
952 3781 1027 3837 ribus
1044 3792 1089 3833 dut
1105 3783 1176 3834 silvis
1192 3781 1292 3852 legitur.
1329 3775 1392 3827 Sunt
1406 3776 1450 3824 ert⁰

361 3859 468 3924 capuci,
486 3854 530 3904 red
547 3871 591 3904 neo
602 3853 668 3904 -E
684 3851 759 3906 codd.
777 3849 886 3904 Oudon·
951 3850 1030 3902 verbu
1048 3851 1147 3902 adsuta.
1165 3851 1207 3902 Μ.
1225 3858 1252 3900 et
1268 3848 1348 3918 glossa
1363 3845 1451 3904 sequen·

362 3919 886 3992 dorpiusrestituitvrriorcmle‘ctiouem,
954 3920 1025 3970 tium
1040 3917 1187 3970 verbomm.
1205 3915 1303 3968 Delum

362 3991 453 4044 eiectis
468 3983 555 4040 verbis
572 4003 624 4038 non
640 3997 668 4040 ct
683 3987 735 4038 red.
753 3986 791 4035 M.
987 3985 1020 4036 de
1036 3987 1141 4037 Amne.
1160 3983 1202 4035 Cs.
1221 4003 1242 4036 c.
1262 3993 1284 4048 4.
1302 3977 1338 4030 Μ·
1416 4029 1438 4042 ,,

396 4051 888 4177 nonusnullum
987 4051 1235 4172 ‘nne
1249 4051 1334 4170 ee·
1350 4031 1444 4107 m.
