3000 5268
265 397 271 411 ·
388 351 475 476 146
746 387 801 446 os
837 387 972 448 netto
1006 389 1128 450 cns.

378 591 513 692 quibus
537 611 766 688 perpaucos,
788 613 948 686 qnorum
978 589 1014 662 in
1037 613 1076 664 se
1096 589 1203 673 tidem
1224 595 1469 689 perspexerat,

376 707 584 802 relinquere
609 705 647 776 in
675 703 820 794 Galiia,
858 705 1020 804 reliquos
1051 708 1221 786 obsidum
1253 705 1340 778 ioco
1365 731 1467 778 meum

377 818 539 908 ducere,
565 817 803 904 decreverat,
830 822 947 918 quod,
974 845 1091 920 quum
1121 825 1197 922 ipsa
1226 823 1469 908 abesset,rno

375 941 458 1011 tum
487 935 629 1010 Galbae
655 935 868 1010 verebatur.

425 1046 462 1124 6.
487 1053 579 1124 Erat
606 1075 680 1124 arna
706 1075 792 1124 cunr
821 1053 952 1126 ceteris
978 1051 1190 1131 Dumnorix
1224 1049 1404 1138 Aeduus,
1436 1047 1469 1119 de

374 1187 449 1262 quo
475 1167 523 1238 ab
551 1166 656 1238 nobis
682 1173 789 1240 antea
817 1165 958 1239 dictum
986 1171 1052 1239 est.
1085 1165 1195 1242 tlunc
1223 1189 1358 1238 secum
1383 1162 1470 1236 babe-

301 1360 308 1371 ,
371 1287 423 1356 re'
440 1286 475 1355 in
503 1285 632 1383 primis
658 1287 924 1372 corastituerat,
942 1281 1040 1379 quod
1060 1305 1145 1356 eum
1164 1281 1349 1380 cupidum
1368 1303 1468 1352 rernm

372 1420 586 1486 novarum,
611 1397 788 1496 cupidum
816 1397 978 1494 imperii,
1005 1398 1129 1498 magni
1158 1399 1300 1486 arrimi,
1333 1417 1466 1496 magnae

370 1511 469 1602 iuter
487 1509 614 1586 Gallos
627 1515 884 1602 auctoritatis,
903 1518 1144 1610 cognoverat.
1171 1509 1390 1584 Accedebat
1403 1513 1468 1593 true,

371 1627 471 1726 quod
498 1629 636 1702 iamin
663 1627 823 1704 conciiio
851 1629 1066 1702 Aeduorum
1087 1631 1300 1706 Dumnorix
1325 1627 1467 1712 dixerat,

371 1743 440 1814 sibi
460 1767 482 1813 a
500 1741 656 1815 Caesare
680 1767 835 1844 regnum
862 1743 1027 1816 civitatis
1046 1741 1198 1825 deterri:
1222 1743 1329 1838 quod
1348 1741 1465 1812 dictun

371 1857 489 1933 Aedui
516 1857 682 1956 graviter
709 1858 897 1948 terebant,
924 1881 1043 1955 neque
1061 1859 1257 1935 recusandi
1279 1865 1349 1932 aut
1365 1858 1467 1954 depre

250 2017 255 2030 ·
370 1969 490 2044 cantii
505 1975 634 2044 caussa
663 1969 804 2071 legatos
829 1971 876 2044 ad
900 1974 1096 2048 Caesarem
1116 1973 1268 2047 mittere
1289 1972 1465 2048 audebant.

327 2117 331 2124 ·
368 2085 411 2160 ld
438 2085 582 2162 factum
608 2111 656 2162 ex
681 2089 755 2161 suis
775 2087 981 2186 hospitibus
998 2089 1134 2165 Caesar
1152 2093 1396 2189 cognoverat.
1420 2083 1465 2156 ille

237 2217 241 2228 '
368 2204 541 2278 omnibns
561 2206 682 2305 primo
702 2205 872 2306 precibus
891 2211 1014 2304 petere
1032 2205 1250 2295 contendit,
1282 2213 1327 2280 ut
1344 2208 1379 2277 in
1397 2197 1463 2274 Gai·

367 2315 416 2390 iia
443 2315 735 2417 relinqueretur,
763 2325 929 2418 partim,
954 2319 1055 2417 quand
1082 2319 1251 2394 insuetus
1286 2312 1462 2416 navigandi

365 2457 470 2510 mare
497 2437 667 2522 timerct3
695 2440 849 2534 partim,
868 2436 967 2532 quod
988 2435 1225 2536 religionibus
1245 2463 1326 2514 sese
1344 2435 1461 2509 diceret

365 2549 532 2648 inpediri.
558 2551 693 2624 Postea
719 2573 832 2648 quam
858 2549 896 2622 id
923 2549 1110 2628 obstinate
1135 2553 1203 2625 sibi
1233 2553 1359 2652 negari
1377 2545 1463 2629 vidit,

301 2655 310 2680 ‘
367 2663 468 2734 omni
496 2687 559 2766 spe
585 2663 794 2761 inpetrandi
822 2667 993 2754 ademta,
1020 2666 1209 2764 Principes
1237 2667 1379 2738 Gattiae
1410 2655 1463 2729 soi·

363 2775 529 2867 licitare,
554 2803 730 2852 sevocare
757 2781 920 2877 singulos
947 2783 1163 2879 bortarique
1190 2785 1342 2882 coepit,
1363 2780 1413 2851 uti
1433 2775 1460 2846 iu

365 2896 571 2966 continenti
591 2905 847 2980 remanerent3
865 2904 969 2969 metu
990 2897 1180 2982 territare,
1201 2919 1275 2967 non
1289 2897 1368 2967 sine
1383 2909 1460 2962 caus

364 3033 404 3080 so
429 3008 525 3097 ficri,
553 3015 596 3082 ut
615 3008 732 3082 Gallia
753 3011 853 3081 omni
875 3011 1068 3084 nobilitate
1087 3011 1330 3111 spoliaretur:
1350 3007 1383 3082 id
1401 3023 1458 3076 esse

364 3121 561 3224 corasiiinm
587 3124 782 3214 Caesaris,
810 3130 877 3218 ut,
918 3151 1012 3223 quos
1042 3128 1079 3200 in
1106 3133 1313 3226 conspectu
1341 3116 1457 3194 Galliae

361 3235 570 3310 interficere
597 3246 810 3326 vereretur,
830 3240 897 3314 bos
915 3265 1044 3314 omnes
1061 3242 1100 3314 in
1115 3241 1351 3318 Britanniam
1368 3245 1457 3306 nans

239 3449 241 3456 Ι
362 3354 497 3427 ductos
523 3361 699 3427 necaret:
739 3355 850 3430 fidem
884 3355 1034 3454 reliquis
1073 3358 1336 3456 interponere,
1360 3350 1455 3426 iusiu-

360 3467 520 3543 randum
547 3491 726 3566 poseere,
752 3476 820 3560 ut,
847 3471 948 3570 qumi
975 3497 1053 3546 esse
1079 3494 1126 3546 ex
1151 3493 1222 3544 usu
1251 3467 1388 3542 Galliae
1411 3461 1456 3530 in·

358 3581 612 3668 teltexissent,
639 3585 832 3659 communi
858 3585 1012 3658 consilio
1031 3585 1347 3659 administrarent.
1371 3575 1452 3650 Haec

260 3738 276 3748 .,
360 3721 382 3770 a
408 3693 664 3795 compluribus
690 3697 738 3773 ad
765 3699 964 3772 Caesarem
989 3699 1266 3774 deferebantur.
1369 3697 1375 3710 '

413 3834 448 3906 7.
474 3819 626 3906 Quare
652 3815 824 3915 cognita,
850 3816 1005 3908 Caesar,
1030 3817 1130 3914 quod
1157 3823 1311 3891 tantum
1327 3797 1451 3886 civitati

358 3928 510 4008 Aeduae
529 3929 721 4030 dignitatis
739 3931 942 4025 tribuerat,
959 3933 1209 4008 coercendum
1226 3941 1337 4034 atque
1351 3929 1449 4002 deser

391 4143 492 4196 Dictum
508 4156 556 4196 err.
590 4141 632 4196 Ct'.
654 4161 682 4206 r,
699 4143 723 4197 3.
742 4145 781 4196 Μ.
947 4149 1018 4202 rotis
1034 4148 1168 4204 solvendis
1185 4159 1213 4203 at
1228 4151 1355 4206 sacrificiis
1364 4147 1446 4216 pettit·

391 4229 472 4262 serum
489 4210 590 4263 babere.
607 4211 663 4264 Alii
679 4217 777 4264 dam.
945 4215 1007 4276 dis,
1037 4226 1084 4269 aut
1113 4218 1249 4272 ominibus
1276 4229 1303 4274 et
1325 4211 1444 4282 auspicffl·

358 4277 619 4396 „iufflnfffl'
647 4279 690 4332 At.
717 4297 806 4350 neque.
835 4279 880 4334 Gt.
947 4281 1020 4354 quod
1038 4283 1126 4338 forsan
1143 4288 1246 4341 rectius.

379 4357 573 4482 ‘'adoptamini''
595 4427 622 4467 r·
655 4411 713 4468 lud.
746 4413 787 4465 Μ.
825 4417 880 4468 Aut
979 4419 1113 4472 naama.
1146 4417 1190 4472 Ci-
1211 4435 1238 4480 ι,
1256 4419 1298 4473 33.
1329 4411 1365 4468 Π.
