3028 5258
315 315 445 412 ‚538
687 347 764 414 ‚ue
800 343 933 408 nunno
969 303 1092 406 crum

349 550 626 626 renunciarent.
697 549 778 622 Hoc
819 549 918 624 idem
958 551 1078 626 visum
1118 573 1165 624 ex
1208 550 1469 650 superioribus

349 661 571 762 quibusdam
598 661 757 736 castellis
784 663 1112 738 confirmaverant.
1146 666 1181 736 ls
1199 664 1304 738 locus
1330 653 1468 736 aberat

348 807 370 853 a
397 781 503 854 novis
529 779 693 877 Pompeii
721 781 851 854 castris
878 781 1027 852 circiter
1057 803 1185 880 passus
1221 781 1464 880 quingentos.

347 893 455 968 Hanc
482 893 666 992 legionem
693 917 842 994 sperans
868 893 1002 968 Caesar
1028 919 1066 966 se
1094 893 1303 992 obprimere
1330 915 1464 991 posse,

347 1015 386 1082 et
413 1012 564 1108 cupiens
590 1012 668 1082 eius
703 1011 773 1082 diei
809 1010 1074 1082 detrimentum
1100 1011 1264 1096 sarcire,
1305 1006 1463 1105 reliquit

347 1126 386 1200 in
416 1151 524 1225 opere
551 1127 724 1200 cobortes
763 1123 884 1214 duas,
917 1149 1012 1224 quae
1042 1123 1201 1224 speciem
1239 1126 1463 1198 munitionis

346 1246 588 1343 praeberent:
624 1245 701 1342 ipse
728 1241 874 1316 diverso
900 1243 1062 1330 itinere,
1100 1265 1215 1340 quam
1239 1241 1371 1338 potuit
1398 1265 1466 1314 or-

347 1359 581 1448 cultissime‚
617 1359 777 1456 reliquas
803 1357 1004 1446 cobortes,
1044 1379 1199 1430 numero
1227 1363 1302 1430 tres
1329 1367 1372 1430 et
1398 1364 1466 1434 tri-

349 1479 480 1578 ginta,
514 1476 553 1548 in
588 1475 721 1572 quibus
755 1481 835 1548 erat
869 1461 1119 1573 legio'nona,
1152 1471 1281 1545 multis
1316 1467 1465 1548 amissis

350 1588 667 1677 Centurionibus,
705 1587 971 1686 deminutoque
998 1583 1160 1660 militum
1187 1611 1375 1672 numero,
1415 1590 1463 1660 ad

344 1703 533 1810 legionem
573 1705 738 1802 Pompeii
779 1708 973 1800 castraque
1008 1702 1152 1776 minora
1194 1701 1331 1802 duplici
1382 1707 1461 1778 acie

349 1813 468 1892 duxit.
520 1818 651 1913 Neque
677 1841 762 1890 eum
790 1817 909 1914 prima
935 1815 1058 1914 opinio
1084 1813 1226 1904 fefellit.
1292 1817 1393 1888 Nam
1421 1825 1458 1890 et

346 1935 518 2030 pervenit
544 1933 664 2031 prius,
691 1954 812 2026 quam·
830 1931 1029 2027 Pompeius
1054 1929 1189 2002 sentire
1216 1934 1368 2026 posset:
1396 1935 1459 2016 et,

344 2050 494 2122 tametsi
520 2055 628 2122 erant
644 2047 867 2120 munitiones
885 2053 1094 2120 castrorum
1122 2069 1298 2146 magnae,
1324 2053 1453 2120 tamen

342 2168 491 2241 sinistro
529 2187 673 2254 cornu,
714 2163 776 2236 ubi
803 2167 884 2236 erat
910 2163 1010 2261 ipse,
1050 2161 1222 2234 celeriter
1257 2161 1453 2262 adgressus

342 2285 590 2384 Pompeianos
632 2305 679 2356 ex
723 2277 821 2352 vallo
864 2277 1091 2352 deturbavit.
1153 2279 1246 2352 Erat
1285 2279 1457 2354 obiectus

343 2399 461 2500 portis
487 2399 631 2472 ericius.
669 2395 740 2468 Hic
766 2390 963 2492 paullisper
989 2399 1045 2466 est
1072 2398 1310 2492 pugnatum,
1336 2418 1455 2490 quum

343 2512 514 2610 inrupere
542 2511 657 2584 nostri
684 2512 934 2594 conarentur,
959 2505 1012 2578 illi
1039 2511 1162 2580 castra
1187 2505 1458 2598 defenderent,

343 2625 541 2700 fortissime
566 2629 612 2699 Τ.
638 2623 840 2706 Pulmone,
868 2622 973 2696 cuius
1000 2646 1110 2720 opera
1129 2621 1324 2722 proditum
1352 2649 1457 2708 exer-

344 2739 463 2815 citum
497 2739 539 2817 G.
571 2739 722 2811 Antonii
751 2735 1112 2825 demonstravimus,
1147 2735 1278 2810 eloco
1314 2764 1458 2842 propu-

342 2857 492 2950 gnante.
544 2849 617 2922 Sed
642 2857 769 2923 tamen
796 2851 912 2924 nostri
939 2851 1080 2924 virtute
1113 2852 1318 2924 vicerunt:
1355 2857 1460 2928 exci-

343 2987 456 3062 soque
482 2963 621 3054 ericio,
660 2965 780 3063 primo
806 2965 844 3035 in
871 2965 1014 3038 maiora
1039 2970 1187 3051 castra,
1225 2972 1313 3063 post
1339 2970 1458 3042 etiam

342 3083 380 3156 in
407 3081 622 3170 castellum,
647 3080 748 3178 quod
775 3086 855 3154 erat
872 3079 1057 3154 inclusum
1076 3083 1279 3156 maioribus
1298 3089 1457 3176 castris,

318 3183 562 3295 'inruperunt
588 3201 652 3285 et,
678 3193 778 3293 quod
804 3217 848 3268 eo
874 3193 978 3294 pulsa
1005 3193 1100 3293 legio
1127 3217 1204 3282 sese
1230 3211 1453 3296 receperat,

341 3309 538 3386 nonnullos
563 3309 613 3382 ibi
639 3315 885 3408 repugnantes
910 3309 1189 3382 interfecerunt.

391 3425 454 3496 68.
479 3422 552 3495 Sed
578 3423 757 3512 fortuna,
796 3421 1120 3520 quamplurimum
1148 3429 1301 3528 potest,
1334 3451 1453 3521 quum

373 3639 462 3686 aidus
505 3635 702 3688 transversariae
719 3633 752 3688 ad
770 3643 859 3704 portes
925 3653 981 3686 rem
998 3636 1130 3686 narrarit·
1160 3635 1206 3688 sed
1223 3636 1326 3713 aliquid
1420 3640 1451 3690 ul
1491 3627 1492 3653 ¹

342 3701 446 3779 trabes,
469 3669 568 3754 bculeis
595 3701 728 3762 confixae,
763 3720 859 3768 eaeque
926 3701 1102 3756 adbaocrena
1114 3671 1275 3772 pertinens.
1290 3657 1449 3772 eadspllstr

339 3767 479 3820 versatiles.
497 3769 595 3834 Lipsius
612 3767 743 3832 (Pollam.
762 3773 797 3834 5,
816 3773 857 3832 4).
926 3767 967 3820 Cl'.
990 3769 1061 3821 dicta
1084 3769 1114 3822 arl
1137 3787 1158 3822 c.
1185 3779 1198 3836 4
1222 3771 1257 3828 de
1286 3775 1448 3824 Antoniauis

339 3835 417 3888 Conl'.
441 3833 559 3888 Sallustii
583 3835 623 3888 ecl.
647 3835 752 3888 Havcrc.
779 3835 809 3885 T.
834 3851 857 3884 ε.
925 3833 1065 3888 militibus.
1093 3837 1159 3903 Ergo
1177 3836 1296 3908 pbrique
1316 3840 1447 3910 iuterpre-

337 3920 366 3972 p.
385 3901 424 3954 83.
442 3911 469 3952 ct
486 3901 526 3954 ed.
544 3901 614 3952 Cort.
636 3921 661 3970 p.
680 3917 737 3979 279.
755 3901 792 3951 Μ.
819 3901 858 3952 lta
925 3909 964 3955 tes
989 3903 1160 3962 existimant,
1182 3901 1300 3973 ‚liquam
1325 3903 1392 3958 libri
1415 3925 1447 3955 s·-

338 3967 649 4023 roestusabcstiolaeita
662 3967 857 4021 drctacaculcis.
924 3967 1006 4020 cundi
1062 3977 1130 4020 rtem
1157 3971 1328 4026 intercidisse.
1353 3972 1398 4023 M.
1418 3975 1444 4024 l·
1487 3977 1488 3999 l

338 4035 443 4090 Nouius
458 4041 501 4094 18,
523 4039 560 4084 16.
578 4055 591 4086 c
609 4033 749 4088 Sallmtio:
768 4035 858 4086 cribris
924 4043 980 4088 not.
998 3989 1154 4092 adpludam
1171 4035 1234 4088 libri
1252 4035 1373 4090 secundi.
1486 4069 1487 4085 i

338 4105 515 4154 enuumantin
530 4101 632 4152 mortum
650 4107 718 4154 ericii
734 4103 857 4154 militar-rs
956 4119 971 4152 e
999 4103 1062 4154 loeo.
1090 4103 1134 4162 Sic
1158 4103 1223 4156 boui
1238 4103 1314 4158 codd.
1331 4105 1392 4156 Alii
1420 4123 1447 4154 ro
1485 4153 1486 4171 ,

338 4181 426 4218 veruta
454 4171 538 4220 binum
562 4169 661 4236 pedum.
693 4167 740 4220 uhi
768 4175 857 4218 veruta
923 4167 988 4218 loeo.

336 4245 400 4288 suut
417 4235 465 4286 tela
483 4235 591 4295 brevio,
619 4255 633 4286 u
652 4252 712 4286 reru
731 4234 857 4288 sindua-
956 4235 1094 4290 meretina.
1112 4237 1154 4288 Cf·
1170 4254 1193 4288 c.
1211 4238 1252 4286 66.
1273 4237 1312 4285 M.
1483 4301 1484 4304 Ἴ

337 4297 408 4351 diue.
426 4301 468 4352 Cs.
486 4301 599 4353 'l'urneb
618 4303 684 4354 Arlr.
704 4313 738 4368 4,
756 4303 779 4352 8.
956 4315 1000 4368 et,
1023 4304 1092 4370 prod
1114 4321 1144 4353 co
1162 4303 1247 4370 pulsa.
1267 4303 1321 4354 Alii
1344 4315 1373 4352 et
1396 4323 1444 4374 piru
1483 4305 1484 4343 l

368 4367 602 4420 dcnwaeistravimur.
618 4369 680 4421 Nou
693 4369 758 4422 banc
770 4369 856 4439 ipsam
920 4369 1003 4436 pulsu.
1022 4367 1090 4425 uude
1108 4369 1214 4424 Vossius
1230 4387 1281 4438 quo
1294 4369 1385 4436 pulsa.
1482 4387 1483 4431 i
