2986 5268
339 365 418 430 cns.
451 365 521 424 vu.
558 365 649 426 cnr.
686 332 858 460 87-90.
1059 335 1149 460 307

37 591 220 656 suorum,
247 566 441 664 desperata
475 567 620 655 salute,
659 569 784 666 copias
825 593 845 638 n
885 570 1155 645 munitionibus

36 684 234 754 reducunt.
278 681 341 768 Fit
365 682 559 780 protinus,
586 683 655 756 hac
683 707 722 754 re
750 683 903 764 audita,
941 709 986 756 ex
1019 688 1151 757 castris

39 799 232 876 Gallorum
260 797 358 896 fuga.
399 797 509 890 Quod
536 799 603 869 nisi
631 799 769 871 crebris
786 799 956 871 subsidiis
976 805 1152 874 actntius

35 909 115 988 diei
135 915 261 986 labore
289 913 425 985 milites
453 920 574 986 essent
607 912 764 1002 defessi,
823 939 951 986 omnes
990 917 1155 990 hostium

33 1029 166 1126 copiae
193 1026 304 1099 deleri
332 1029 552 1125 potuissent.
608 1028 663 1099 De
703 1027 824 1100 media
866 1035 975 1102 nocte
1015 1033 1149 1103 missus

36 1146 230 1242 equitatus
258 1139 502 1215 novissimum
530 1166 663 1242 agmen
691 1147 957 1241 consequitur:
999 1173 1157 1244 magnus

32 1283 214 1330 rrumerus
241 1260 388 1357 capitur
415 1265 525 1354 atque
553 1257 800 1342 interficitur,
827 1257 959 1354 reliqui
982 1283 1035 1354 [ese
1066 1265 1156 1360 tuga

31 1373 72 1444 in
101 1373 276 1444 civitates
312 1371 520 1444 discedunt.

87 1487 150 1585 89.
177 1491 332 1562 Postero
347 1488 405 1560 die
422 1487 725 1586 Vercingetorix,
744 1487 903 1562 concilio
922 1497 1154 1581 convocato,

31 1601 70 1674 id
98 1626 137 1674 se
164 1601 303 1674 bellum
330 1603 531 1698 suscepisse
565 1625 639 1674 nou
668 1626 822 1676 suarum
861 1605 1152 1694 necessitatum,

36 1713 103 1788 sed
145 1717 355 1787 communis
393 1714 576 1788 libertatis
615 1715 1072 1807 caussa,.demonstrat;
1115 1724 1155 1790 et

34 1829 215 1926 quoniam
241 1830 289 1902 sit
316 1829 487 1902 fortunae
515 1829 746 1904 cedendum:
771 1828 818 1901 ad
853 1836 1049 1928 utramque
1068 1854 1150 1901 rem

37 1970 75 2018 se
104 1944 175 2018 illis
202 1945 377 2034 obferre,
403 1969 467 2018 seu
495 1951 616 2018 morte
643 1971 709 2019 sua
735 1947 913 2018 Romanis
927 1947 1156 2036 satisfacere,

35 2087 103 2136 seu
131 2063 259 2136 vivum
286 2062 451 2136 trasderc
480 2060 607 2134 velint.
655 2063 862 2134 Mittuntur
889 2065 933 2136 de
960 2065 1016 2136 his
1044 2065 1155 2138 rebus

36 2177 84 2250 ad
111 2177 306 2254 Caesarem
333 2176 458 2280 legati.
511 2177 619 2249 lubet
645 2201 748 2248 arma
774 2175 1195 2275 transdi,{principes'
1255 2154 1258 2179 ¹

35 2293 205 2392 produci.
263 2293 344 2391 lpse
381 2293 419 2362 in
452 2281 657 2367 mdnitionc
690 2317 756 2390 pro
789 2297 919 2366 castris
951 2293 1147 2366 consedit:

37 2433 81 2480 eo
109 2407 222 2479 duces
248 2407 520 2506 producuntur.
559 2407 841 2505 Vercingetorix
868 2406 1156 2495 deditur,arma

36 2525 296 2623 proiiciuntur.
349 2523 561 2596 Reservatis
590 2523 725 2596 Aeduis
753 2530 864 2622 atque
892 2523 1092 2611 Aruernis,
1122 2525 1154 2594 si

39 2669 106 2742 per
134 2667 196 2714 eos
223 2643 397 2714 civitates
416 2664 634 2736 recuperare
653 2649 794 2736 posset,
811 2663 856 2711 ex
871 2639 1020 2736 reliquis
1040 2641 1156 2739 capti·

42 2763 100 2832 vis
141 2765 225 2832 toto
263 2760 431 2830 exercitu
472 2758 596 2856 capita
636 2755 781 2857 singula
810 2757 967 2855 praedae
1007 2759 1157 2830 nomine

37 2872 243 3070 dffidldillis
270 2973 380 3046 rebus
408 2973 609 3062 confectis,
636 2975 673 3044 in
701 2972 850 3046 Aeduos
885 2973 1151 3072 proficiscitur,

38 3094 232 3164 civitatem
253 3091 397 3187 recipit.
427 3090 483 3160 Eo
506 3088 616 3188 legati
638 3088 684 3160 ab
705 3090 881 3167 Aruernis
906 3091 1025 3178 missi,
1060 3113 1155 3186 quac

35 3211 260 3308 imperaret,
276 3231 314 3280 se
333 3205 501 3277 facturos
520 3204 752 3302 pollicentur.
783 3205 950 3303 Imperat
973 3231 1154 3304 magnum

36 3345 238 3396 numerum
270 3318 451 3392 obsidum.
488 3318 669 3417 Legiones
698 3319 735 3391 in
762 3321 913 3393 hiberna
936 3322 1156 3394 mittitzcn-

35 3439 227 3535 ptirorum
256 3435 405 3510 circiter
431 3433 504 3506 XX
526 3433 627 3506 milia
646 3434 782 3506 Aeduis
800 3435 1049 3531 Artrernisque
1068 3434 1157 3506 red-

37 3553 107 3626 dit:
140 3555 186 3624 T.
201 3551 405 3624 Labienum
422 3548 565 3620 duabus
585 3573 671 3620 curn
699 3549 906 3646 legionibus
924 3557 963 3622 et
985 3553 1156 3648 equitatu

36 3667 72 3738 in
107 3669 299 3762 Sequanos
323 3663 507 3764 proficisci
536 3663 669 3738 iubet:
701 3663 787 3736 huic
815 3669 866 3738 M.
891 3667 1155 3765 Sempronium

68 4014 153 4054 essent
168 4001 270 4074 defessi.
310 4001 357 4054 Sic
374 4002 466 4054 rectius
483 3999 560 4052 codd.
629 3999 683 4052 nali
708 3998 859 4065 sedantem,
882 3999 1030 4059 accessisse,
1053 3995 1157 4068 subpli-

38 4077 63 4128 οἱ
79 4069 141 4122 edd.
159 4078 222 4120 vett.
241 4069 295 4120 Alii
304 4071 426 4139 jecissent.
629 4085 738 4136 ccrnquc
762 4068 865 4118 veniam
888 4081 1002 4132 r ogusse3
1021 4065 1067 4117 secl
1090 4065 1157 4116 harre

630 4135 715 4209 ipsum
732 4133 767 4184 ob
790 4153 927 4194 caussam,
945 4133 1070 4205 quonlam
1092 4133 1158 4184 esuri·

70 4203 266 4271 Vercingetorix
277 4203 385 4253 (luditur.
401 4201 498 4254 Narrat
509 4201 561 4252 Dio
628 4204 704 4251 citius
730 4201 786 4252 iura
816 4201 972 4260 violaverit,
999 4199 1027 4250 ln
1053 4198 1157 4252 vincula

39 4269 142 4320 Csssins
160 4279 221 4332 (4ο,
239 4273 290 4334 41),
310 4269 331 4318 V
334 4271 560 4337 ercingetorigcm,
627 4270 789 4332 coniectum,
810 4268 838 4318 in
858 4267 994 4336 triumpho
1007 4265 1118 4318 doctum
1130 4275 1157 4318 ct

40 4338 133 4388 tretuur
150 4341 263 4406 pristina
289 4337 406 4388 Caesaris·
430 4337 560 4396 anrieitiu,
629 4335 737 4386 tnudcsn
756 4335 925 4386 interiectum
943 4353 1006 4387 essc-
1024 4333 1101 4387 Cuul'.
1116 4333 1157 4399 43,

38 4403 180 4473 improvsso
198 4401 233 4456 ad
251 4405 399 4466 uacasse-m,
418 4403 445 4455 iu
473 4403 561 4456 tribu·
632 4419 668 4470 ¹9·
689 4403 725 4454 ll.
