3000 5268
1085 255 1171 382 157

362 289 442 350 mu
475 289 514 347 r.
549 287 642 347 car.
686 257 854 348 18-21.

63 491 152 564 lium
178 486 352 580 venerat,
386 492 492 564 cuius
526 497 632 590 pater
667 492 924 566 lmanuentius
949 491 987 564 in
1016 515 1060 564 ea
1085 490 1177 564 civi-

65 613 143 678 tate
169 631 326 706 regnum
353 607 568 680 obtinuerat
593 609 887 705 interfectusque
914 615 994 682 erat
1017 633 1040 680 a
1058 607 1176 682 Cassi·-

64 719 265 806 vellauno,
293 721 370 818 ipse
396 721 485 820 fuga
510 731 670 796 mortem
698 725 919 811 vitaverat,
956 721 1101 820 legatos
1126 719 1176 792 ad

64 838 260 910 Caesarem
286 839 444 926 mittunt
471 837 793 936 pollicenturque,
820 861 896 909 sese
923 837 956 910 ei
983 836 1175 908 dedituros

65 959 187 1050 atque*
202 955 385 1050 imperata
410 953 599 1028 facturos:
627 959 786 1054 petunt,
805 960 850 1026 ut
866 952 1177 1026 Mandubratium

65 1071 111 1141 ab
139 1071 273 1146 iniuria
299 1069 563 1144 Cassivellauni
590 1069 766 1142 defendat
792 1075 906 1165 atque
923 1069 962 1140 in
981 1069 1176 1141 civitatem

62 1187 212 1276 mittat,
240 1187 302 1284 qui
328 1187 468 1292 praesit
493 1186 766 1284 imperiumque
792 1181 970 1258 obtineat.
995 1185 1064 1257 llis
1080 1188 1177 1260 Cae-

63 1323 125 1370 sar
161 1299 321 1398 imporat
360 1299 505 1372 obsides
542 1301 608 1372 xi.
647 1300 954 1398 frumentumque
994 1299 1175 1372 exercitui

67 1414 445 1514 Mandubratiumque
473 1415 518 1488 ad
546 1441 608 1488 eos
633 1417 764 1490 mittit.
821 1415 876 1488 llli
903 1419 1085 1514 imperata
1112 1395 1190 1489 ce·'

66 1531 192 1608 leriter
218 1533 407 1620 fecerunt,
434 1531 578 1605 obsides
605 1531 652 1606 ad
677 1555 876 1606 numerum
912 1532 1176 1636 frumentaque

67 1647 259 1720 miserunt.

117 1789 180 1836 21.
205 1763 496 1836 Trinobantibus
518 1761 673 1840 defensis
695 1771 808 1864 atque
827 1763 873 1836 ab
893 1763 994 1836 omni
1013 1761 1175 1836 militum

66 1877 196 1950 iniuria
223 1877 438 1978 prohibitis,
456 1879 691 1978 Cenimagni,
710 1882 923 1980 Segontiaci
936 1934 948 1970 ,
963 1880 1176 1972 Ancalites,

65 1995 239 2086 Bibroci,
265 1996 387 2085 Cassi,
412 1995 659 2096 legationibus
683 1996 804 2070 missis
830 2021 908 2069 sese
934 1979 1081 2070 Caesari
1114 1997 1176 2070 de-
1211 1982 1216 1991 ¹

67 2111 175 2186 dunt.
227 2113 284 2188 Ab
317 2113 374 2186 his
413 2113 633 2212 cognoscit,
673 2137 748 2186 non
781 2110 892 2212 longe
927 2135 974 2185 ex
1009 2137 1053 2185 eo
1090 2111 1175 2187 loco

69 2228 249 2328 oppidum
274 2227 535 2302 Cassivellauni
563 2228 688 2300 abesse
707 2215 737 2318 ,¹
757 2225 860 2300 silvis
903 2226 1175 2326 paludibusque

66 2347 273 2430 munitum,
309 2371 385 2444 quo
420 2346 509 2418 satis
543 2367 702 2444 magnus
736 2343 932 2416 hominum
959 2347 1176 2444 pecorisque

67 2489 242 2538 numerus
281 2461 525 2566 ,convenerit
597 2459 788 2557 Oppidum
834 2465 962 2533 autem
1005 2461 1177 2538 Britanni

69 2584 228 2666 vocent,
255 2601 372 2674 quum
398 2575 509 2648 silvas
529 2573 710 2672 inpeditas
732 2573 830 2646 vallo
849 2583 960 2672 atque
980 2575 1076 2652 fossa
1096 2601 1178 2648 mu-

67 2693 242 2780 nierunt,
268 2687 341 2788 quo
369 2691 588 2764 incursionis
627 2691 793 2762 hostium
826 2688 1002 2762 vitandae
1047 2715 1177 2764 caussa

66 2811 264 2882 convenire
310 2813 548 2880 consuerunt.
625 2807 681 2879 Eo
717 2805 965 2903 proficiscitur
999 2831 1085 2879 cum
1121 2807 1179 2880 le·

67 2924 261 3024 giooibus:
288 2921 416 2996 locum
441 2921 579 3022 reperit
605 2923 749 3022 egregie
776 2929 909 2994 natura
937 2927 1048 3018 atquc
1067 2945 1179 3020 opere

654 3187 762 3240 Vossius
779 3205 834 3239 uon
851 3185 918 3238 male
934 3183 1076 3250 legendum
1103 3193 1179 3255 putat

655 3256 812 3315 Cenomani,
824 3274 837 3304 e
849 3251 935 3306 Gallio
954 3252 1007 3304 scil.
1031 3254 1060 3302 in
1078 3250 1179 3304 Britan-

96 3197 123 3242 εἐι
151 3197 321 3242 continentem
351 3189 477 3242 Galliam.
518 3189 587 3242 Hine

66 3259 254 3328 explicandum
312 3257 349 3312 rid
371 3260 400 3310 in
423 3257 470 3310 bac
496 3275 587 3310 narra-

66 3329 136 3377 tionc
154 3330 191 3379 sit
208 3325 273 3378 alibi
285 3277 370 3396 llcop.
390 3341 436 3386 22,
453 3323 508 3388 23)
532 3341 587 3376 cou-

66 3399 153 3444 rirrens.
181 3393 270 3444 Etiam
287 3412 316 3446 su
340 3413 365 3444 ra
382 3411 404 3444 c.
423 3397 446 3444 8.
463 3409 500 3440 rr.
520 3399 547 3442 et
559 3401 586 3456 4,

66 3459 104 3510 38.
123 3459 242 3514 Gallium
258 3462 309 3512 sim
320 3412 413 3512 Ilicitur
436 3459 505 3512 dixit
526 3476 586 3510 con-

68 3529 203 3578 tinentem.
245 3526 281 3578 Et
315 3525 457 3579 ortsssob.
476 3523 493 3576 l.
520 3525 587 3575 Gal-

65 3593 124 3652 liom
136 3593 285 3666 explicandi
295 3613 385 3646 caussa
398 3595 529 3646 intrusum
538 3599 586 3649 est,

66 3671 95 3711 ot
117 3661 208 3733 plores
235 3663 304 3712 inter
325 3669 392 3712 retes
419 3667 586 3711 monuerunt

66 3729 101 3778 M·
127 3729 182 3782 Sed
200 3736 273 3780 snut
328 3747 385 3780 esar
402 3727 480 3797 plene
497 3725 578 3796 loqui.

97 3797 279 3846 Ιεειεεηεεεηείιεε.
298 3795 402 3847 Nomen
415 3795 463 3846 boc
479 3811 493 3845 o
511 3792 588 3846 codd.

67 3863 166 3924 exulat,
184 3862 231 3914 sed
248 3862 361 3918 Graecus
379 3861 467 3914 habet.

98 3931 203 3984 Cenimo
221 3934 249 3984 ni
265 3957 298 3978 τ-
309 3959 341 3973 -ψ
358 3930 505 4000 Opinioucs
523 3947 590 4008 quo-

66 3998 186 4048 rumdam
254 3997 409 4048 nominibus
432 4005 459 4047 er
481 3995 588 4048 sedibus

67 4061 160 4115 borum
189 4062 351 4134 populorum
380 4063 501 4132 collegit,
530 4071 590 4132 post

67 4130 252 4182 Cambrlcnum
274 4131 303 4180 in
325 4131 473 4192 Britannia,
503 4129 589 4182 Celle-

68 4215 117 4318 tt}
141 4197 508 4318 23..⁰¹'.‘.2‘..t‘3t‘.⁸t.l.l:.
529 4195 589 4314 ³3⁸1:

69 4331 159 4399 Quum
184 4331 300 4386 Graccus
326 4331 421 4386 halcat
447 4340 590 4400 Receperat,

656 3324 729 3374 niam
746 3319 875 3374 translati.
917 3319 1027 3390 Lipsius
1043 3319 1077 3370 od
1094 3319 1178 3370 Tocit.

659 3407 706 3448 επ,
722 3387 764 3439 82.
782 3389 846 3456 legit
862 3387 947 3445 Iceni.
966 3386 1057 3456 Gorrgi.
1082 3383 1179 3440 Canu·

656 3456 740 3509 denus
757 3457 840 3515 Iceni,
858 3455 894 3505 Re
912 3458 947 3504 ni.

687 3523 789 3576 dedunt.
815 3520 871 3572 Alii
904 3519 1044 3572 edidenrnr.

657 3590 806 3710 coppbidlqzn
824 3587 1017 3705 Cossivqllouni.
1060 3585 1128 3640 Bedn
1151 3585 1180 3644 id

680 3677 730 3708 am
746 3676 759 3707 θ
799 3673 841 3706 um
857 3671 917 3707 VOCB
931 3691 938 3704 a

691 3725 815 3791 Oppidum
832 3733 928 3774 vocant
944 3749 977 3762 -
989 3749 1023 3762 -
1039 3720 1135 3776 Strabo
1153 3731 1177 3786 4.

656 3810 683 3862 p.
702 3797 848 3850 malleius
860 3800 992 3856 Βρεττανῶν
1010 3795 1067 3844 clete
1084 3795 1105 3845 al
1121 3797 1179 3859 dpo·
1239 3801 1244 3814 ¹

655 3867 704 3928 μοι’.
723 3861 900 3929 περιφράξαντες
918 3859 966 3926 γάρ
992 3861 1092 3927 δίνδρεει
1108 3881 1180 3910 κειτα-

656 3931 805 3996 βεβλημὲεεεις
820 3930 937 3994 εὐρυχωρῆ
948 3928 1040 3988 κύκλον,
1060 3933 1100 3978 καὶ
1113 3927 1181 3978 αὐτοὶ

658 4000 758 4050 ἐνταῦθα
780 4001 994 4062 anteposuerim,
1018 4000 1059 4046 xe!
1075 3994 1106 4046 eei
1122 4001 1179 4059 βεε·

656 4069 749 4131 uipereor
764 4065 1007 4126 καταπαὲιρεὺευεεν,
1026 4063 1050 4114 oi
1067 4065 1122 4126 πρὸς
1140 4083 1181 4114 so·

657 4137 697 4184 lte
714 4134 804 4200 ype‘uou·
837 4127 936 4178 Locum
959 4129 1013 4178 lim
1034 4127 1181 4178 Hotoman·

656 4217 705 4248 nns
723 4187 858 4249 indicarat.
883 4195 920 4244 M.

691 4264 772 4316 locum
788 4267 891 4332 reperit.
916 4262 982 4317 Cod.
999 4259 1129 4334 Domillii
1143 4260 1180 4314 lu·

657 4350 720 4384 Cum·
