3068 5260
372 303 424 396 18
721 330 776 392 os
814 333 947 390 nasac
982 334 1105 392 osci.

361 531 621 630 maioribusque
645 533 721 606 suis
747 531 943 615 didicisse,
970 545 1010 604 nt
1035 533 1156 630 magis
1184 531 1334 614 virtute,
1368 558 1490 630 quarn

361 647 439 718 dolo
472 645 715 720 contenderent
745 659 808 716 out
837 646 980 718 insidiis
1014 651 1223 718 niterentur.
1274 645 1410 744 Quare
1447 672 1490 718 no

361 764 619 849 committeret,
644 773 685 832 ut
709 765 742 831 is
768 761 894 842 locus,
922 760 985 832 ubi
1008 763 1279 842 constitissent,
1307 784 1358 831 ex
1391 761 1492 830 cal-

361 882 484 949 rnitate
500 877 632 974 Populi
653 877 809 948 Romani
829 889 863 947 et
886 879 1123 947 internecione
1143 880 1324 946 exercitus
1347 900 1492 947 monzon

359 1007 498 1092 caperet
522 1006 584 1063 aut
609 995 817 1066 memoriam
840 989 1013 1087 proderet.

414 1122 471 1197 14.
490 1107 556 1178 His
574 1103 709 1178 Caesar
725 1105 779 1177 ita
798 1104 1015 1202 respondit:
1040 1105 1091 1176 lio
1111 1104 1181 1178 sibi
1196 1109 1316 1177 minus
1331 1103 1490 1178 dubito-

359 1224 467 1292 tionis
492 1223 599 1310 deiri,
624 1221 720 1320 quod
743 1246 803 1294 aas
830 1245 913 1310 res,
948 1247 1037 1318 quas
1063 1223 1176 1320 legati
1199 1221 1358 1296 Helvetii
1389 1249 1490 1294 corn·

360 1350 636 1422 memorassem,
684 1340 854 1409 memoria
893 1349 1052 1410 teneret:
1097 1351 1203 1434 atque
1241 1363 1281 1410 eo
1319 1343 1487 1434 gravius

346 1453 473 1550 sterce,
499 1481 567 1552 quo
594 1457 713 1524 nu‘nus
739 1455 864 1524 merito
890 1451 1024 1550 Populi
1047 1453 1204 1524 Romani
1226 1453 1486 1525 accidissent:

250 1621 255 1632 .
289 1667 296 1684 ἢ
360 1574 474 1670 quisi
490 1572 642 1644 alicuius
660 1573 814 1642 iniuriae
829 1568 898 1640 sibi
915 1567 1250 1662 consciussuisset,
1273 1571 1487 1666 nonsuisse

360 1687 505 1778 difficile
531 1710 678 1768 caoere;
708 1683 772 1756 sed
799 1708 838 1756 eo
869 1683 1078 1780 deceptum,
1108 1685 1205 1783 quod
1231 1711 1346 1786 neque
1381 1713 1487 1760 corn-

360 1805 514 1870 rnissum
537 1827 561 1868 a
585 1823 624 1869 se
648 1799 890 1896 intellegeret,
921 1824 1030 1896 quare
1055 1803 1198 1872 timeret
1209 1829 1223 1883 ,·
1255 1827 1373 1900 neque
1408 1807 1485 1872 sine

361 1942 491 1992 carossa
515 1913 710 1987 timendum
732 1903 888 2010 putriret.
957 1914 1062 2014 Quod
1085 1920 1120 1986 si
1144 1921 1270 1991 oeteis
1296 1933 1484 1992 contume-

361 2035 430 2106 liae
455 2034 615 2108 oblivisci
656 2032 782 2123 vellet‚·
808 2057 895 2102 num
936 2037 1043 2104 etiam
1085 2037 1277 2104 recentizan
1318 2039 1485 2107 iniurio-

312 2152 317 2161 ’
361 2178 467 2238 raaz,
503 2149 599 2248 quod
626 2173 665 2221 eo
699 2149 808 2219 inuito
838 2151 907 2218 iter
933 2173 999 2243 per
1033 2147 1263 2222 Prouinciam
1295 2178 1367 2250 per
1409 2159 1481 2228 uim

360 2278 581 2351 tentassent,
625 2262 719 2360 quod
759 2259 934 2348 AeduoS,
973 2260 1070 2358 quod
1110 2263 1337 2352 Ambarros,
1388 2267 1486 2366 quod

360 2379 574 2477 Allobrogas
620 2389 835 2464 vexassent,
878 2381 1087 2448 memoriam
1125 2377 1296 2476 deponere
1335 2405 1451 2478 posse
1464 2381 1482 2448 :⁹

361 2497 466 2594 Quod
488 2522 555 2566 sua
581 2496 729 2568 uictoria
755 2506 829 2562 tam
854 2491 1044 2564 insolenter
1065 2493 1339 2590 gloriarentur,
1370 2497 1483 2604 qpod·

361 2629 428 2706 que
453 2623 527 2679 tam
552 2607 617 2680 diu
641 2630 679 2678 se
703 2609 835 2704 inpune
861 2607 986 2678 tulisse
1007 2609 1161 2680 iniurias
1187 2609 1482 2696 admirarentur,

360 2725 480 2798 codem
512 2728 713 2824 pertinere:
751 2709 940 2794 consuesse
972 2726 1067 2794 enim
1105 2723 1198 2796 Deos
1232 2727 1479 2807 immortales,
1515 2767 1516 2791 ι

362 2867 429 2937 quo
445 2846 589 2938 gravius
614 2839 775 2910 bonu’nes
797 2862 844 2909 ea
866 2841 1140 2913 commutatione
1164 2868 1284 2914 rerum
1308 2845 1479 2930 doleant,

362 2979 449 3049 qnos
479 2980 548 3052 pro
586 2953 716 3025 scelere
753 2976 876 3024 eorum
909 2953 1038 3024 ulcisci
1075 2954 1206 3044 uelint,
1245 2955 1304 3028 liis
1338 2983 1475 3032 secun-

354 3069 477 3142 diores
503 3068 682 3142 interdum
707 3091 763 3139 res
790 3079 823 3138 et
848 3065 1106 3142 diuturniorem
1131 3076 1383 3169 impunitatem
1407 3103 1479 3148 con·
1513 3119 1514 3140 r

361 3186 493 3258 cedere.
545 3184 664 3286 Quum
689 3208 731 3256 eo
755 3185 807 3252 ita
831 3184 935 3270 sint,
966 3187 1111 3272 tomen,
1136 3189 1172 3258 si
1195 3187 1331 3262 obsides
1358 3192 1406 3263 ab
1433 3196 1476 3263 iis

361 3303 434 3374 sibi
456 3301 607 3388 dentur,
633 3302 689 3370 uti
729 3321 792 3386 ea,
817 3320 908 3394 quae
934 3299 1196 3392 polliceantur,
1225 3304 1395 3394 facturos
1429 3315 1477 3382 in·
1512 3307 1513 3315 '

361 3420 504 3518 tellegat
516 3449 530 3503 ,·
554 3430 588 3490 et
612 3419 647 3487 si
663 3413 799 3486 Aeduis
817 3411 860 3484 de
882 3414 1051 3502 iniuriis,
1074 3443 1163 3512 quas
1186 3424 1275 3519 ipsis
1301 3426 1477 3526 sociisque
1511 3459 1512 3491 z

361 3558 484 3606 eorum
514 3530 725 3618 intulerint,
758 3532 843 3599 item
873 3531 907 3598 si
937 3525 1190 3630 Allobrogibus
1222 3538 1475 3632 satifitciant,
1510 3567 1511 3632 j

395 3711 426 3744 eo
455 3696 538 3744 urinas
568 3692 763 3754 dubitationis,
795 3701 887 3744 utrum
986 3689 1143 3742 accidissent.
1162 3691 1196 3744 el.
1213 3697 1352 3748 accidisset.

383 3779 453 3811 ocem
471 3779 532 3812 cum
556 3759 683 3812 Helvetiis
706 3762 822 3823 laceret,
851 3779 886 3814 an
986 3757 1131 3810 Ambarros
1148 3761 1184 3810 cs.
1209 3780 1230 3812 c.
1261 3779 1298 3814 ιι.
1325 3765 1369 3816 M.

363 3778 434 3878 [ello
451 3847 495 3879 eos
514 3829 635 3898 persequi
651 3827 738 3882 vellat.
756 3830 799 3882 M,
985 3842 1067 3892 posse.
1097 3825 1141 3878 Sic
1159 3828 1268 3896 quidem
1284 3831 1360 3885 codd.
1381 3841 1410 3886 ei
1427 3839 1473 3882 vel·

954 3891 1012 3944 «td.
1031 3891 1084 3945 Sed
1102 3893 1178 3963 vulgo
1197 3897 1299 3960 melius,
1315 3915 1410 3968 posset.
1435 3899 1470 3948 Js,
1508 3893 1509 3952 ζ

363 3997 509 4050 verbm„
538 4003 550 4026 a
575 4021 576 4026 ,
605 3999 624 4052 b
686 4003 692 4012 ·
723 4002 761 4053 1¹⁴
825 4005 849 4034 ..r
954 3957 1047 4010 Clarke
1059 3963 1177 4015 restituit
1195 3971 1220 4018 ei
1234 3983 1329 4034 posse,
1347 3969 1471 4040 probante
1508 3959 1509 4013 l

512 4019 593 4069 passe
625 4005 886 4057 eneluttcnnttnac-
953 4025 1075 4079 Oudwd¹

362 4083 420 4116 con.
439 4075 466 4118 et
483 4067 622 4120 Gruterus.

396 3932 477 3999 legati
494 3932 616 3984 Hareni.
650 3933 803 4004 Emsrgine
822 3934 887 3988 hoec
923 3930 926 3937 ¹

986 4095 1075 4144 eodem
1100 4103 1249 4167 pertinere,
1278 4103 1397 4156 essuriem
1421 4099 1468 4150 Vim

397 4169 474 4224 atque
498 4177 527 4206 eo
553 4163 660 4223 gravius
678 4159 764 4231 serre.
790 4159 887 4214 Inserit
953 4159 1049 4212 habere
1075 4163 1103 4216 in
1132 4167 1221 4218 animo
1250 4169 1386 4229 Caesaris,
1416 4181 1469 4216 “¹¹⁰¹

363 4221 383 4272 I.
404 4223 433 4274 C.
451 4224 483 4274 H.
502 4225 673 4296 calarrtitatem
694 4227 735 4278 sel
749 4234 887 4280 ira'onano-
954 4247 1066 4292 usovere,
1080 4237 1154 4287 neiis
1162 4254 1252 4305 pacem
1265 4239 1424 4290 concederet·
1433 4231 1468 4282 ll·

363 4295 433 4338 drani.
472 4290 530 4368 'Sed
555 4311 633 4344 neruo
662 4304 720 4356 est,
758 4299 805 4367 qui
833 4317 887 4350 non
989 4316 1039 4365 quo
1055 4308 1180 4364 granos,
1210 4315 1242 4357 ut
1259 4321 1289 4358 eo
1306 4307 1408 4374 gravius
1429 4297 1468 4350 ὼ·
1505 4265 1507 4372 l

363 4357 515 4410 sulroadtat.
955 4367 1035 4420 Isara,
1054 4369 1096 4421 M.
