3026 5264
358 213 439 293 tris.
471 213 557 292 vni.
593 217 685 295 cnr.
721 226 898 334 27-2‘9.
1109 185 1200 336 337

88 419 291 522 hortatur,
327 459 533 534 agmenque
570 436 736 510 bostium
774 443 1018 524 consecutus,
1060 443 1207 514 turmas

89 553 229 646 purtim
249 549 389 623 idoneis
415 551 506 625 locis
536 552 719 652 disponit,
745 545 883 654 partim
911 559 1081 656 equitum
1098 581 1206 656 proe-

87 663 182 736 lium
202 669 420 738 committits
436 667 613 742 Consistit
628 669 805 742 audacius
822 672 1011 766 equitatus
1026 671 1210 760 hostium,

88 777 376 852 succedentibus
403 782 470 852 sibi
499 782 707 881 peditibus,
733 786 817 882 qui,
835 789 918 858 toto
948 785 1096 885 agmine
1115 785 1208 856 sub-

56 917 59 920 ·
88 895 285 986 sistentes,
310 899 496 994 equitibus
522 899 596 970 suis
624 906 756 972 contra
783 907 930 973 nostros
949 899 1073 972 terunt
1103 903 1208 972 auxi-

86 1011 196 1084 lium.
222 1013 283 1087 Fit
308 1014 491 1112 proelium
519 1015 593 1088 acri
622 1017 848 1088 certaminee
876 1039 1036 1113 namque
1066 1018 1206 1101 nostri,¹

86 1132 292 1204 contemtis
320 1129 435 1230 pridie
463 1133 645 1230 superatis
677 1131 864 1220 hostibus,
893 1153 1008 1228 quum
1029 1132 1206 1230 subsequi

85 1237 253 1348 legiones
281 1247 553 1346 meminissent,
591 1251 630 1318 et
659 1247 801 1346 pudore
830 1247 1004 1334 cedendi,
1036 1255 1075 1322 et
1103 1252 1207 1348 cupi-

87 1365 209 1438 ditate
242 1389 307 1463 per
333 1389 370 1436 se
404 1361 623 1438 conficiendi
653 1365 809 1461 proelii,
836 1364 1035 1438 fortissime
1071 1375 1208 1442 contra
1301 1399 1305 1414 ¹

88 1479 233 1577 pedites
262 1477 563 1577 proeliabantun
584 1475 803 1575 hostesque,
830 1476 920 1550 nibil
947 1479 1105 1578 amplius
1138 1505 1207 1553 co-

88 1595 237 1690 piarum
273 1613 509 1666 accessurum
537 1591 756 1682 credentes,
793 1599 837 1664 ut
868 1589 983 1690 pridie
1019 1615 1207 1693 cognove-

87 1711 203 1794 rant,
230 1704 374 1780 deleudi
404 1681 609 1804 equitatus¹
625 1707 743 1779 nostri
771 1708 871 1779 nacti
896 1708 1132 1780 occasionem
1152 1710 1206 1780 vi*

89 1821 288 1896 debantur.

141 1963 203 2034 29.
229 1941 356 2031 Quum
383 1931 611 2034 aliquamdiu
637 1960 784 2010 summa
812 1935 1053 2010 contentione
1093 1936 1206 2035 dimi-

88 2060 267 2143 caretur,
292 2051 509 2126 Dumnacus
540 2053 692 2124 instruit
718 2053 861 2141 aciem,
888 2075 982 2148 quae
1008 2051 1082 2122 suis
1109 2057 1206 2150 esset

88 2171 279 2267 equitibus
304 2171 342 2242 in
369 2171 491 2242 vicem
519 2167 713 2266 praesidio.
752 2169 852 2238 Tum
878 2171 1031 2263 repente
1057 2169 1206 2240 conter-

86 2291 152 2357 tae
178 2283 340 2384 legiones
365 2285 404 2357 in
423 2289 667 2382 conspectum
686 2282 849 2354 bostium
868 2282 1035 2351 veniunt.
1060 2281 1207 2371 Quibus

88 2397 179 2470 visis
204 2397 393 2498 perculsae
419 2399 665 2470 barbarorum
685 2404 851 2480 turmae,
870 2395 1088 2494 perterritae
1107 2397 1205 2468 acies

86 2512 280 2605 bostium,
300 2515 527 2614 ¹perturbato
547 2500 884 2611 inpedimentorum
903 2512 1050 2609 agmine
1068 2531 1205 2610 magno

88 2631 255 2706 clamore
282 2633 524 2728 discursuque
552 2631 688 2728 passim
716 2629 823 2728 fugae
850 2645 887 2700 se
914 2629 1108 2701 mandant.
1153 2633 1206 2705 At

87 2749 206 2818 nostri
234 2748 395 2844 equites,
423 2749 484 2843 qui
505 2744 630 2844 paullo
649 2751 736 2817 ante
754 2765 842 2816 cum
861 2740 1115 2816 resistentibus
1134 2743 1207 2816 sor-

87 2863 230 2934 tissime
258 2859 528 2944 conflixerant,
564 2859 893 2951 letitia-victoriae
921 2859 1035 2950 elati,
1070 2877 1207 2961 magno¹

88 2977 254 3074 undique
295 2975 458 3050 clamore
496 2973 643 3047 sublato
663 2962 678 3062 ,¹
712 2963 931 3047 cedentibus
962 2974 1208 3067 circumfusi,-

88 3098 273 3186 quantum
301 3101 485 3188 equorum
512 3091 609 3161 vires
636 3089 683 3161 ad
709 3087 1003 3189 persequendum
1032 3083 1207 3161 dextrae-

88 3229 164 3302 que
181 3204 237 3276 'ad
264 3205 494 3278 caedendum
523 3204 672 3291 valent,
698 3211 847 3276 tantum
871 3227 914 3274 eo
934 3201 1073 3302 proelio
1092 3204 1208 3275 inter·
1255 3203 1256 3206 ’

88 3317 235 3396 ficiunt.
262 3325 392 3420 ltaque
420 3321 578 3420 amplius
605 3311 754 3393 milibus
780 3318 853 3392 Xll
879 3325 945 3391 aut
962 3325 1209 3411 armatorum,

89 3448 159 3515 aut
176 3456 327 3527 eorum,
346 3440 408 3536 qui
429 3440 564 3511 timore
585 3463 689 3510 arma
710 3439 962 3536 proiecerant,
980 3438 1208 3532 interfectis,

90 3556 213 3628 omnis
238 3554 444 3628 multitudo
471 3555 619 3651 capitur
645 3551 998 3652 inpedimentorum.

143 3668 207 3742 30.
233 3671 315 3762 Qua
343 3694 389 3741 err
415 3667 524 3768 tuga,
546 3691 665 3765 quum
683 3673 894 3758 constaret,
912 3667 1125 3768 Drappeten
1144 3669 1209 3743 Se·
1321 3769 1322 3773 Ἰ

90 4005 295 4126 ‘'adsistentes.
325 4001 383 4055 Alii
399 4001 467 4055 male
484 4003 617 4054 subsisten-
717 4008 749 4123 r'rq
760 4018 926 4076 conspectum.
968 4003 1083 4076 Quidam
1105 3993 1132 4056 r'ir
1148 4024 1207 4058 con·

103 4095 110 4125 l
159 4107 166 4122 ι
684 4091 777 4124 defin·

123 4223 174 4288 per·
190 4225 218 4259 se
233 4205 323 4277 confit.
337 4207 441 4276 proelii.
469 4207 526 4261 Alii
544 4215 620 4280 prae·
685 4090 817 4260 diuma
833 4141 966 4287 ewistun?
994 4145 1060 4192 acm
1079 4139 1207 4212 Peditum

89 4283 208 4330 mittunt
224 4275 329 4326 celerius
347 4275 441 4328 invitis
455 4275 533 4329 codd.
718 4275 875 4346 Drappetem
904 4274 961 4328 Aln
980 4273 1104 4342 Drapten.

196 4373 354 4462 Caussa.
379 4375 575 4450 Commeat.
601 4377 709 4449 Tum.
735 4377 771 4448 li
978 4366 1013 4448 V
1031 4397 1056 4445 v
