<?xml version="1.0" encoding="UTF-8"?>
<!DOCTYPE html PUBLIC "-//W3C//DTD XHTML 1.0 Transitional//EN"
    "http://www.w3.org/TR/xhtml1/DTD/xhtml1-transitional.dtd">
<html xmlns="http://www.w3.org/1999/xhtml" xml:lang="en" lang="en">
 <head>
  <title>
</title>
<meta http-equiv="Content-Type" content="text/html;charset=utf-8" />
  <meta name='ocr-system' content='tesseract 3.04.00' />
  <meta name='ocr-capabilities' content='ocr_page ocr_carea ocr_par ocr_line ocrx_word'/>
</head>
<body>
  <div class='ocr_page' id='page_1' title='image "./ciuliicaesarisc00cellgoog_0434.png"; bbox 0 0 3026 5264; ppageno 0'>
   <div class='ocr_carea' id='block_1_1' title="bbox 373 361 1123 456">
    <p class='ocr_par' dir='ltr' id='par_1_1' title="bbox 373 361 1123 456">
     <span class='ocr_line' id='line_1_1' title="bbox 373 361 1123 456; baseline -0.005 0"><span class='ocrx_word' id='word_1_1' title='bbox 373 361 466 456; x_wconf 80' lang='lat'><strong>388</strong></span> <span class='ocrx_word' id='word_1_2' title='bbox 735 395 791 456; x_wconf 80' lang='lat' dir='ltr'><strong>on</strong></span> <span class='ocrx_word' id='word_1_3' title='bbox 826 392 960 452; x_wconf 77' lang='lat' dir='ltr'><strong>necno</strong></span> <span class='ocrx_word' id='word_1_4' title='bbox 994 391 1123 453; x_wconf 82' lang='lat' dir='ltr'><strong>cnm</strong></span> 
     </span>
    </p>
   </div>
   <div class='ocr_carea' id='block_1_2' title="bbox 280 595 1464 3463">
    <p class='ocr_par' dir='ltr' id='par_1_2' title="bbox 280 595 1464 2765">
     <span class='ocr_line' id='line_1_2' title="bbox 369 595 1454 696; baseline 0 -28"><span class='ocrx_word' id='word_1_5' title='bbox 369 595 510 696; x_wconf 85' lang='lat' dir='ltr'><strong>pisset,</strong></span> <span class='ocrx_word' id='word_1_6' title='bbox 534 598 702 693; x_wconf 83' lang='lat' dir='ltr'><strong>protinus</strong></span> <span class='ocrx_word' id='word_1_7' title='bbox 729 595 765 670; x_wconf 90' lang='lat' dir='ltr'><strong>iu</strong></span> <span class='ocrx_word' id='word_1_8' title='bbox 793 595 960 670; x_wconf 83' lang='lat' dir='ltr'><strong>Africam</strong></span> <span class='ocrx_word' id='word_1_9' title='bbox 995 595 1233 670; x_wconf 81' lang='lat' dir='ltr'><strong>transducere</strong></span> <span class='ocrx_word' id='word_1_10' title='bbox 1267 595 1454 669; x_wconf 86' lang='lat' dir='ltr'><strong>exercitum</strong></span> 
     </span>
     <span class='ocr_line' id='line_1_3' title="bbox 368 707 1456 804; baseline -0.001 -23"><span class='ocrx_word' id='word_1_11' title='bbox 368 709 486 782; x_wconf 89' lang='lat' dir='ltr'><strong>iubet.</strong></span> <span class='ocrx_word' id='word_1_12' title='bbox 512 709 720 804; x_wconf 69' lang='lat' dir='ltr'><strong>Sardiniam</strong></span> <span class='ocrx_word' id='word_1_13' title='bbox 742 711 935 783; x_wconf 80' lang='lat' dir='ltr'><strong>obtinebat</strong></span> <span class='ocrx_word' id='word_1_14' title='bbox 960 712 1013 784; x_wconf 90' lang='grc' dir='ltr'><strong>Μ.</strong></span> <span class='ocrx_word' id='word_1_15' title='bbox 1048 711 1186 800; x_wconf 86' lang='lat' dir='ltr'><strong>Cotta,</strong></span> <span class='ocrx_word' id='word_1_16' title='bbox 1224 707 1381 783; x_wconf 89' lang='lat' dir='ltr'><strong>Siciliam</strong></span> <span class='ocrx_word' id='word_1_17' title='bbox 1416 709 1456 780; x_wconf 75' lang='lat' dir='ltr'><strong>it</strong></span> 
     </span>
     <span class='ocr_line' id='line_1_4' title="bbox 369 821 1457 913; baseline -0.003 -17"><span class='ocrx_word' id='word_1_18' title='bbox 369 823 486 913; x_wconf 84' lang='lat' dir='ltr'><strong>Cato,</strong></span> <span class='ocrx_word' id='word_1_19' title='bbox 512 823 678 898; x_wconf 75' lang='lat' dir='ltr'><strong>Africam</strong></span> <span class='ocrx_word' id='word_1_20' title='bbox 706 823 802 897; x_wconf 82' lang='lat' dir='ltr'><strong>forte</strong></span> <span class='ocrx_word' id='word_1_21' title='bbox 829 826 979 897; x_wconf 81' lang='lat' dir='ltr'>Tubero</span> <span class='ocrx_word' id='word_1_22' title='bbox 1007 825 1175 898; x_wconf 82' lang='lat' dir='ltr'><strong>obtinete</strong></span> <span class='ocrx_word' id='word_1_23' title='bbox 1201 821 1371 896; x_wconf 82' lang='lat' dir='ltr'><strong>debebat.</strong></span> <span class='ocrx_word' id='word_1_24' title='bbox 1400 823 1457 894; x_wconf 87' lang='lat' dir='ltr'><strong>Ca·</strong></span> 
     </span>
     <span class='ocr_line' id='line_1_5' title="bbox 368 927 1459 1028; baseline -0.002 -16"><span class='ocrx_word' id='word_1_25' title='bbox 368 939 540 1022; x_wconf 85' lang='lat' dir='ltr'><strong>ralituni,</strong></span> <span class='ocrx_word' id='word_1_26' title='bbox 566 939 675 1013; x_wconf 88' lang='lat' dir='ltr'><strong>simui</strong></span> <span class='ocrx_word' id='word_1_27' title='bbox 692 927 740 1012; x_wconf 40' lang='lat' dir='ltr'><strong>&#39;ad</strong></span> <span class='ocrx_word' id='word_1_28' title='bbox 762 965 798 1013; x_wconf 88' lang='lat' dir='ltr'><strong>se</strong></span> <span class='ocrx_word' id='word_1_29' title='bbox 820 939 1007 1014; x_wconf 88' lang='lat' dir='ltr'><strong>Valerium</strong></span> <span class='ocrx_word' id='word_1_30' title='bbox 1036 943 1136 1018; x_wconf 89' lang='lat' dir='ltr'><strong>mitti</strong></span> <span class='ocrx_word' id='word_1_31' title='bbox 1154 941 1370 1028; x_wconf 87' lang='lat' dir='ltr'><strong>audierunt,</strong></span> <span class='ocrx_word' id='word_1_32' title='bbox 1387 963 1459 1012; x_wconf 82' lang='lat' dir='ltr'><strong>non·</strong></span> 
     </span>
     <span class='ocr_line' id='line_1_6' title="bbox 369 1055 1460 1156; baseline -0.002 -28"><span class='ocrx_word' id='word_1_33' title='bbox 369 1055 458 1129; x_wconf 90' lang='lat' dir='ltr'><strong>dum</strong></span> <span class='ocrx_word' id='word_1_34' title='bbox 477 1055 646 1156; x_wconf 84' lang='lat' dir='ltr'><strong>profecto</strong></span> <span class='ocrx_word' id='word_1_35' title='bbox 666 1081 712 1128; x_wconf 86' lang='lat' dir='ltr'><strong>ex</strong></span> <span class='ocrx_word' id='word_1_36' title='bbox 730 1056 856 1147; x_wconf 87' lang='lat' dir='ltr'><strong>ltalia,</strong></span> <span class='ocrx_word' id='word_1_37' title='bbox 871 1079 937 1130; x_wconf 90' lang='lat' dir='ltr'><strong>sua</strong></span> <span class='ocrx_word' id='word_1_38' title='bbox 957 1065 1089 1156; x_wconf 83' lang='lat' dir='ltr'><strong>sponte</strong></span> <span class='ocrx_word' id='word_1_39' title='bbox 1108 1081 1155 1130; x_wconf 83' lang='lat' dir='ltr'><strong>ex</strong></span> <span class='ocrx_word' id='word_1_40' title='bbox 1172 1057 1312 1156; x_wconf 91' lang='lat' dir='ltr'><strong>oppido</strong></span> <span class='ocrx_word' id='word_1_41' title='bbox 1329 1057 1460 1130; x_wconf 84' lang='lat' dir='ltr'><strong>Cottam</strong></span> 
     </span>
     <span class='ocr_line' id='line_1_7' title="bbox 369 1171 1460 1277; baseline 0.001 -37"><span class='ocrx_word' id='word_1_42' title='bbox 369 1171 534 1266; x_wconf 76' lang='lat' dir='ltr'><strong>eiiciunt.</strong></span> <span class='ocrx_word' id='word_1_43' title='bbox 561 1171 625 1242; x_wconf 87' lang='lat' dir='ltr'><strong>lile</strong></span> <span class='ocrx_word' id='word_1_44' title='bbox 653 1173 897 1277; x_wconf 87' lang='lat' dir='ltr'><strong>perterritus,</strong></span> <span class='ocrx_word' id='word_1_45' title='bbox 936 1173 1038 1272; x_wconf 91' lang='lat' dir='ltr'><strong>quod</strong></span> <span class='ocrx_word' id='word_1_46' title='bbox 1073 1195 1224 1246; x_wconf 90' lang='lat' dir='ltr'><strong>omnem</strong></span> <span class='ocrx_word' id='word_1_47' title='bbox 1252 1172 1460 1270; x_wconf 86' lang='lat' dir='ltr'><strong>provinciam</strong></span> 
     </span>
     <span class='ocr_line' id='line_1_8' title="bbox 369 1287 1461 1388; baseline -0.002 -28"><span class='ocrx_word' id='word_1_48' title='bbox 369 1289 577 1362; x_wconf 82' lang='lat' dir='ltr'><strong>consentire</strong></span> <span class='ocrx_word' id='word_1_49' title='bbox 616 1287 874 1388; x_wconf 73' lang='lat' dir='ltr'><strong>intellegeret,</strong></span> <span class='ocrx_word' id='word_1_50' title='bbox 927 1314 973 1364; x_wconf 86' lang='lat' dir='ltr'><strong>ex</strong></span> <span class='ocrx_word' id='word_1_51' title='bbox 1013 1289 1183 1362; x_wconf 81' lang='lat' dir='ltr'>Sardinia</span> <span class='ocrx_word' id='word_1_52' title='bbox 1231 1291 1270 1362; x_wconf 92' lang='lat' dir='ltr'><strong>iu</strong></span> <span class='ocrx_word' id='word_1_53' title='bbox 1319 1289 1461 1364; x_wconf 81' lang='lat' dir='ltr'><strong>African</strong></span> 
     </span>
     <span class='ocr_line' id='line_1_9' title="bbox 370 1399 1461 1504; baseline -0.004 -30"><span class='ocrx_word' id='word_1_54' title='bbox 370 1401 547 1504; x_wconf 76' lang='lat' dir='ltr'><strong>profugit.</strong></span> <span class='ocrx_word' id='word_1_55' title='bbox 575 1403 669 1476; x_wconf 88' lang='lat' dir='ltr'><strong>Cato</strong></span> <span class='ocrx_word' id='word_1_56' title='bbox 695 1402 732 1474; x_wconf 90' lang='lat' dir='ltr'><strong>in</strong></span> <span class='ocrx_word' id='word_1_57' title='bbox 758 1403 882 1478; x_wconf 82' lang='lat' dir='ltr'><strong>Sicilia</strong></span> <span class='ocrx_word' id='word_1_58' title='bbox 912 1427 1026 1476; x_wconf 86' lang='lat' dir='ltr'><strong>naves</strong></span> <span class='ocrx_word' id='word_1_59' title='bbox 1051 1402 1181 1500; x_wconf 87' lang='lat' dir='ltr'><strong>longas</strong></span> <span class='ocrx_word' id='word_1_60' title='bbox 1216 1408 1362 1476; x_wconf 84' lang='lat' dir='ltr'><strong>veteres</strong></span> <span class='ocrx_word' id='word_1_61' title='bbox 1393 1399 1461 1472; x_wconf 85' lang='lat' dir='ltr'><strong>refi-</strong></span> 
     </span>
     <span class='ocr_line' id='line_1_10' title="bbox 369 1515 1461 1616; baseline -0.001 -29"><span class='ocrx_word' id='word_1_62' title='bbox 369 1517 522 1606; x_wconf 85' lang='lat' dir='ltr'><strong>ciebat,</strong></span> <span class='ocrx_word' id='word_1_63' title='bbox 546 1541 663 1590; x_wconf 76' lang='lat' dir='ltr'><strong>noras</strong></span> <span class='ocrx_word' id='word_1_64' title='bbox 689 1517 905 1590; x_wconf 88' lang='lat' dir='ltr'><strong>civitatibus</strong></span> <span class='ocrx_word' id='word_1_65' title='bbox 933 1519 1155 1616; x_wconf 79' lang='lat' dir='ltr'><strong>imperabat.</strong></span> <span class='ocrx_word' id='word_1_66' title='bbox 1207 1515 1315 1590; x_wconf 88' lang='lat' dir='ltr'><strong>Haec</strong></span> <span class='ocrx_word' id='word_1_67' title='bbox 1348 1535 1461 1614; x_wconf 85' lang='lat' dir='ltr'><strong>magno</strong></span> 
     </span>
     <span class='ocr_line' id='line_1_11' title="bbox 369 1631 1462 1734; baseline -0.005 -28"><span class='ocrx_word' id='word_1_68' title='bbox 369 1632 493 1706; x_wconf 87' lang='lat' dir='ltr'><strong>studio</strong></span> <span class='ocrx_word' id='word_1_69' title='bbox 520 1635 666 1734; x_wconf 80' lang='lat' dir='ltr'><strong>agebat.</strong></span> <span class='ocrx_word' id='word_1_70' title='bbox 718 1637 759 1706; x_wconf 94' lang='lat' dir='ltr'><strong>ln</strong></span> <span class='ocrx_word' id='word_1_71' title='bbox 799 1635 962 1728; x_wconf 66' lang='lat' dir='ltr'><strong>Lucania</strong></span> <span class='ocrx_word' id='word_1_72' title='bbox 991 1635 1203 1730; x_wconf 85' lang='lat' dir='ltr'><strong>Brutiisque</strong></span> <span class='ocrx_word' id='word_1_73' title='bbox 1236 1659 1305 1731; x_wconf 91' lang='lat' dir='ltr'><strong>per</strong></span> <span class='ocrx_word' id='word_1_74' title='bbox 1342 1631 1462 1732; x_wconf 82' lang='lat' dir='ltr'><strong>legatos</strong></span> 
     </span>
     <span class='ocr_line' id='line_1_12' title="bbox 369 1748 1461 1850; baseline -0.002 -28"><span class='ocrx_word' id='word_1_75' title='bbox 369 1775 455 1822; x_wconf 86' lang='lat' dir='ltr'><strong>suos</strong></span> <span class='ocrx_word' id='word_1_76' title='bbox 481 1752 621 1824; x_wconf 89' lang='lat' dir='ltr'><strong>civium</strong></span> <span class='ocrx_word' id='word_1_77' title='bbox 648 1751 906 1822; x_wconf 86' lang='lat' dir='ltr'><strong>Romanorum</strong></span> <span class='ocrx_word' id='word_1_78' title='bbox 932 1748 1090 1822; x_wconf 83' lang='lat' dir='ltr'><strong>dilectus</strong></span> <span class='ocrx_word' id='word_1_79' title='bbox 1108 1749 1294 1823; x_wconf 79' lang='lat' dir='ltr'><strong>babebat:</strong></span> <span class='ocrx_word' id='word_1_80' title='bbox 1314 1753 1461 1850; x_wconf 83' lang='lat' dir='ltr'><strong>equiturn</strong></span> 
     </span>
     <span class='ocr_line' id='line_1_13' title="bbox 369 1861 1461 1962; baseline -0.002 -29"><span class='ocrx_word' id='word_1_81' title='bbox 369 1861 611 1962; x_wconf 76' lang='lat' dir='ltr'><strong>peditumque</strong></span> <span class='ocrx_word' id='word_1_82' title='bbox 639 1869 785 1936; x_wconf 87' lang='lat' dir='ltr'><strong>certum</strong></span> <span class='ocrx_word' id='word_1_83' title='bbox 811 1887 1010 1936; x_wconf 91' lang='lat' dir='ltr'><strong>numerum</strong></span> <span class='ocrx_word' id='word_1_84' title='bbox 1044 1889 1066 1937; x_wconf 86' lang='lat' dir='ltr'><strong>a</strong></span> <span class='ocrx_word' id='word_1_85' title='bbox 1093 1863 1316 1937; x_wconf 84' lang='lat' dir='ltr'><strong>civitatibus</strong></span> <span class='ocrx_word' id='word_1_86' title='bbox 1341 1861 1461 1934; x_wconf 81' lang='lat' dir='ltr'><strong>Siciliae</strong></span> 
     </span>
     <span class='ocr_line' id='line_1_14' title="bbox 369 1979 1461 2078; baseline -0.004 -26"><span class='ocrx_word' id='word_1_87' title='bbox 369 1979 553 2078; x_wconf 82' lang='lat' dir='ltr'><strong>exigebat.</strong></span> <span class='ocrx_word' id='word_1_88' title='bbox 605 1980 749 2071; x_wconf 82' lang='lat' dir='ltr'><strong>Quibus</strong></span> <span class='ocrx_word' id='word_1_89' title='bbox 787 1981 897 2052; x_wconf 82' lang='lat' dir='ltr'><strong>rebus</strong></span> <span class='ocrx_word' id='word_1_90' title='bbox 937 2003 1052 2078; x_wconf 89' lang='lat' dir='ltr'><strong>paene</strong></span> <span class='ocrx_word' id='word_1_91' title='bbox 1080 1979 1286 2078; x_wconf 83' lang='lat' dir='ltr'><strong>perfectis,</strong></span> <span class='ocrx_word' id='word_1_92' title='bbox 1320 1979 1461 2052; x_wconf 87' lang='lat' dir='ltr'><strong>adventu</strong></span> 
     </span>
     <span class='ocr_line' id='line_1_15' title="bbox 371 2093 1462 2196; baseline -0.002 -30"><span class='ocrx_word' id='word_1_93' title='bbox 371 2093 541 2168; x_wconf 88' lang='lat' dir='ltr'><strong>Curionis</strong></span> <span class='ocrx_word' id='word_1_94' title='bbox 568 2097 745 2196; x_wconf 82' lang='lat' dir='ltr'><strong>cognito,</strong></span> <span class='ocrx_word' id='word_1_95' title='bbox 780 2095 949 2193; x_wconf 86' lang='lat' dir='ltr'><strong>queritur</strong></span> <span class='ocrx_word' id='word_1_96' title='bbox 978 2095 1014 2166; x_wconf 92' lang='lat' dir='ltr'><strong>in</strong></span> <span class='ocrx_word' id='word_1_97' title='bbox 1046 2094 1257 2178; x_wconf 86' lang='lat' dir='ltr'><strong>concione,</strong></span> <span class='ocrx_word' id='word_1_98' title='bbox 1280 2118 1368 2180; x_wconf 63' lang='lat' dir='ltr'><strong>,sese</strong></span> <span class='ocrx_word' id='word_1_99' title='bbox 1394 2117 1462 2190; x_wconf 84' lang='lat' dir='ltr'><strong>pro-</strong></span> 
     </span>
     <span class='ocr_line' id='line_1_16' title="bbox 368 2208 1462 2312; baseline -0.006 -27"><span class='ocrx_word' id='word_1_100' title='bbox 368 2208 515 2286; x_wconf 75' lang='lat' dir='ltr'><strong>iectum‘</strong></span> <span class='ocrx_word' id='word_1_101' title='bbox 538 2240 582 2286; x_wconf 87' lang='lat' dir='ltr'><strong>oo</strong></span> <span class='ocrx_word' id='word_1_102' title='bbox 618 2213 798 2312; x_wconf 81' lang='lat' dir='ltr'><strong>proditum</strong></span> <span class='ocrx_word' id='word_1_103' title='bbox 825 2237 848 2282; x_wconf 87' lang='lat' dir='ltr'><strong>a</strong></span> <span class='ocrx_word' id='word_1_104' title='bbox 874 2211 938 2283; x_wconf 87' lang='lat' dir='ltr'><strong>Cn.</strong></span> <span class='ocrx_word' id='word_1_105' title='bbox 964 2211 1154 2308; x_wconf 81' lang='lat' dir='ltr'><strong>Pompeio,</strong></span> <span class='ocrx_word' id='word_1_106' title='bbox 1194 2215 1262 2308; x_wconf 71' lang='lat' dir='ltr'><strong>pru?</strong></span> <span class='ocrx_word' id='word_1_107' title='bbox 1274 2264 1286 2299; x_wconf 91' lang='lat'><strong>,</strong></span> <span class='ocrx_word' id='word_1_108' title='bbox 1325 2208 1462 2281; x_wconf 69' lang='lat' dir='ltr'><strong>omnbus</strong></span> 
     </span>
     <span class='ocr_line' id='line_1_17' title="bbox 368 2323 1461 2425; baseline -0.005 -27"><span class='ocrx_word' id='word_1_109' title='bbox 368 2323 473 2401; x_wconf 74' lang='lat' dir='ltr'><strong>rebus</strong></span> <span class='ocrx_word' id='word_1_110' title='bbox 505 2331 818 2425; x_wconf 79' lang='lat' dir='ltr'><strong>inparotr&#39;ssr&#39;mrn,</strong></span> <span class='ocrx_word' id='word_1_111' title='bbox 849 2352 919 2398; x_wconf 86' lang='lat' dir='ltr'><strong>non</strong></span> <span class='ocrx_word' id='word_1_112' title='bbox 944 2327 1185 2398; x_wconf 71' lang='lat' dir='ltr'><strong>necmsarr&#39;um</strong></span> <span class='ocrx_word' id='word_1_113' title='bbox 1210 2323 1343 2398; x_wconf 81' lang='lat' dir='ltr'><strong>bellum</strong></span> <span class='ocrx_word' id='word_1_114' title='bbox 1366 2343 1461 2394; x_wconf 76' lang='lat' dir='ltr'><strong>susce·</strong></span> 
     </span>
     <span class='ocr_line' id='line_1_18' title="bbox 367 2433 1461 2538; baseline -0.004 -28"><span class='ocrx_word' id='word_1_115' title='bbox 367 2444 479 2536; x_wconf 81' lang='lat' dir='ltr'><strong>pisset</strong></span> <span class='ocrx_word' id='word_1_116' title='bbox 503 2454 556 2528; x_wconf 84' lang='lat' dir='ltr'><strong>et,</strong></span> <span class='ocrx_word' id='word_1_117' title='bbox 580 2439 624 2516; x_wconf 86' lang='lat' dir='ltr'><strong>ob</strong></span> <span class='ocrx_word' id='word_1_118' title='bbox 655 2442 932 2538; x_wconf 66' lang='lat' dir='ltr'><strong>dereliquimur</strong></span> <span class='ocrx_word' id='word_1_119' title='bbox 970 2443 1010 2510; x_wconf 86' lang='lat' dir='ltr'><strong>in</strong></span> <span class='ocrx_word' id='word_1_120' title='bbox 1040 2433 1173 2510; x_wconf 78' lang='lat' dir='ltr'><strong>Senatu</strong></span> <span class='ocrx_word' id='word_1_121' title='bbox 1211 2443 1461 2536; x_wconf 77' lang='lat' dir='ltr'><strong>interrogatus,</strong></span> 
     </span>
     <span class='ocr_line' id='line_1_19' title="bbox 280 2545 1463 2650; baseline -0.003 -26"><span class='ocrx_word' id='word_1_122' title='bbox 280 2622 292 2636; x_wconf 24' lang='grc' dir='ltr'>κ</span> <span class='ocrx_word' id='word_1_123' title='bbox 370 2558 489 2624; x_wconf 82' lang='lat' dir='ltr'><strong>omnia</strong></span> <span class='ocrx_word' id='word_1_124' title='bbox 512 2553 583 2624; x_wconf 81' lang='lat' dir='ltr'><strong>sibi</strong></span> <span class='ocrx_word' id='word_1_125' title='bbox 609 2579 686 2628; x_wconf 80' lang='lat' dir='ltr'><strong>erse</strong></span> <span class='ocrx_word' id='word_1_126' title='bbox 715 2553 765 2626; x_wconf 86' lang='lat' dir='ltr'><strong>ud</strong></span> <span class='ocrx_word' id='word_1_127' title='bbox 792 2553 920 2626; x_wconf 82' lang='lat' dir='ltr'><strong>bellum</strong></span> <span class='ocrx_word' id='word_1_128' title='bbox 942 2567 1026 2650; x_wconf 83' lang='lat' dir='ltr'><strong>opto</strong></span> <span class='ocrx_word' id='word_1_129' title='bbox 1051 2579 1096 2624; x_wconf 88' lang='lat' dir='ltr'><strong>oo</strong></span> <span class='ocrx_word' id='word_1_130' title='bbox 1118 2565 1270 2648; x_wconf 76' lang='lat' dir='ltr'><strong>panta,</strong></span> <span class='ocrx_word' id='word_1_131' title='bbox 1297 2545 1463 2646; x_wconf 70' lang='lat' dir='ltr'><strong>confimar-</strong></span> 
     </span>
     <span class='ocr_line' id='line_1_20' title="bbox 370 2663 1464 2765; baseline -0.01 -20"><span class='ocrx_word' id='word_1_132' title='bbox 370 2669 488 2745; x_wconf 79' lang='lat' dir='ltr'><strong>virset.</strong></span> <span class='ocrx_word' id='word_1_133' title='bbox 514 2670 617 2742; x_wconf 87' lang='lat' dir='ltr'><strong>Haec</strong></span> <span class='ocrx_word' id='word_1_134' title='bbox 642 2670 681 2742; x_wconf 83' lang='lat' dir='ltr'><strong>iu</strong></span> <span class='ocrx_word' id='word_1_135' title='bbox 708 2671 887 2742; x_wconf 92' lang='lat' dir='ltr'><strong>concione</strong></span> <span class='ocrx_word' id='word_1_136' title='bbox 911 2677 1066 2765; x_wconf 81' lang='lat' dir='ltr'><strong>questus</strong></span> <span class='ocrx_word' id='word_1_137' title='bbox 1091 2689 1136 2740; x_wconf 81' lang='lat' dir='ltr'><strong>cx</strong></span> <span class='ocrx_word' id='word_1_138' title='bbox 1159 2669 1357 2764; x_wconf 88' lang='lat' dir='ltr'><strong>provincia</strong></span> <span class='ocrx_word' id='word_1_139' title='bbox 1374 2663 1464 2762; x_wconf 82' lang='lat' dir='ltr'><strong>fugit.</strong></span> 
     </span>
    </p>

    <p class='ocr_par' dir='ltr' id='par_1_3' title="bbox 369 2780 1464 3463">
     <span class='ocr_line' id='line_1_21' title="bbox 422 2780 1462 2884; baseline -0.005 -30"><span class='ocrx_word' id='word_1_140' title='bbox 422 2784 484 2854; x_wconf 78' lang='lat'><strong>31.</strong></span> <span class='ocrx_word' id='word_1_141' title='bbox 509 2783 620 2854; x_wconf 83' lang='lat' dir='ltr'><strong>Nacti</strong></span> <span class='ocrx_word' id='word_1_142' title='bbox 647 2806 784 2856; x_wconf 87' lang='lat' dir='ltr'><strong>vacuas</strong></span> <span class='ocrx_word' id='word_1_143' title='bbox 811 2783 857 2855; x_wconf 92' lang='lat' dir='ltr'><strong>ab</strong></span> <span class='ocrx_word' id='word_1_144' title='bbox 885 2783 1047 2881; x_wconf 87' lang='lat' dir='ltr'><strong>imperiis</strong></span> <span class='ocrx_word' id='word_1_145' title='bbox 1064 2781 1276 2884; x_wconf 73' lang='lat' dir='ltr'><strong>Sardiniam</strong></span> <span class='ocrx_word' id='word_1_146' title='bbox 1297 2780 1462 2864; x_wconf 87' lang='lat' dir='ltr'><strong>Valerius,</strong></span> 
     </span>
     <span class='ocr_line' id='line_1_22' title="bbox 370 2898 1464 2998; baseline -0.003 -26"><span class='ocrx_word' id='word_1_147' title='bbox 370 2899 484 2972; x_wconf 90' lang='lat' dir='ltr'><strong>Curio</strong></span> <span class='ocrx_word' id='word_1_148' title='bbox 511 2898 700 2988; x_wconf 89' lang='lat' dir='ltr'><strong>Siciliam,</strong></span> <span class='ocrx_word' id='word_1_149' title='bbox 727 2922 813 2972; x_wconf 91' lang='lat' dir='ltr'><strong>cum</strong></span> <span class='ocrx_word' id='word_1_150' title='bbox 841 2901 1067 2974; x_wconf 80' lang='lat' dir='ltr'><strong>exercitibus</strong></span> <span class='ocrx_word' id='word_1_151' title='bbox 1088 2923 1133 2974; x_wconf 92' lang='lat' dir='ltr'><strong>eo</strong></span> <span class='ocrx_word' id='word_1_152' title='bbox 1147 2902 1382 2998; x_wconf 89' lang='lat' dir='ltr'><strong>perveniunt.</strong></span> <span class='ocrx_word' id='word_1_153' title='bbox 1407 2899 1464 2970; x_wconf 86' lang='lat' dir='ltr'><strong>Tu·</strong></span> 
     </span>
     <span class='ocr_line' id='line_1_23' title="bbox 369 3013 1464 3113; baseline -0.003 -27"><span class='ocrx_word' id='word_1_154' title='bbox 369 3013 486 3103; x_wconf 89' lang='lat' dir='ltr'><strong>bero,</strong></span> <span class='ocrx_word' id='word_1_155' title='bbox 512 3036 629 3110; x_wconf 90' lang='lat' dir='ltr'><strong>quum</strong></span> <span class='ocrx_word' id='word_1_156' title='bbox 658 3017 694 3086; x_wconf 87' lang='lat' dir='ltr'><strong>in</strong></span> <span class='ocrx_word' id='word_1_157' title='bbox 723 3013 887 3104; x_wconf 77' lang='lat' dir='ltr'><strong>Africam</strong></span> <span class='ocrx_word' id='word_1_158' title='bbox 915 3016 1097 3107; x_wconf 82' lang='lat' dir='ltr'><strong>venisset,</strong></span> <span class='ocrx_word' id='word_1_159' title='bbox 1136 3016 1283 3090; x_wconf 83' lang='lat' dir='ltr'><strong>invenit</strong></span> <span class='ocrx_word' id='word_1_160' title='bbox 1319 3017 1357 3088; x_wconf 88' lang='lat' dir='ltr'><strong>in</strong></span> <span class='ocrx_word' id='word_1_161' title='bbox 1389 3037 1464 3113; x_wconf 88' lang='lat' dir='ltr'><strong>pru-</strong></span> 
     </span>
     <span class='ocr_line' id='line_1_24' title="bbox 370 3127 1464 3229; baseline -0.005 -27"><span class='ocrx_word' id='word_1_162' title='bbox 370 3127 607 3202; x_wconf 85' lang='lat' dir='ltr'><strong>vinciacum</strong></span> <span class='ocrx_word' id='word_1_163' title='bbox 635 3129 789 3224; x_wconf 82' lang='lat' dir='ltr'><strong>imperio</strong></span> <span class='ocrx_word' id='word_1_164' title='bbox 816 3131 963 3204; x_wconf 80' lang='lat' dir='ltr'><strong>Attium</strong></span> <span class='ocrx_word' id='word_1_165' title='bbox 990 3131 1160 3221; x_wconf 85' lang='lat' dir='ltr'><strong>Varum,</strong></span> <span class='ocrx_word' id='word_1_166' title='bbox 1189 3131 1255 3229; x_wconf 88' lang='lat' dir='ltr'><strong>qui</strong></span> <span class='ocrx_word' id='word_1_167' title='bbox 1294 3127 1464 3204; x_wconf 76' lang='lat' dir='ltr'><strong>adduxi·</strong></span> 
     </span>
     <span class='ocr_line' id='line_1_25' title="bbox 369 3243 1464 3344; baseline -0.005 -25"><span class='ocrx_word' id='word_1_168' title='bbox 369 3271 498 3336; x_wconf 90' lang='lat' dir='ltr'><strong>mum,</strong></span> <span class='ocrx_word' id='word_1_169' title='bbox 524 3251 694 3344; x_wconf 82' lang='lat' dir='ltr'><strong>utsupra</strong></span> <span class='ocrx_word' id='word_1_170' title='bbox 713 3243 1068 3337; x_wconf 86' lang='lat' dir='ltr'><strong>demonstravimus,</strong></span> <span class='ocrx_word' id='word_1_171' title='bbox 1088 3249 1231 3322; x_wconf 83' lang='lat' dir='ltr'><strong>amissis</strong></span> <span class='ocrx_word' id='word_1_172' title='bbox 1249 3247 1464 3328; x_wconf 83' lang='lat' dir='ltr'><strong>cohortibus,</strong></span> 
     </span>
     <span class='ocr_line' id='line_1_26' title="bbox 370 3360 1464 3463; baseline -0.002 -31"><span class='ocrx_word' id='word_1_173' title='bbox 370 3363 540 3458; x_wconf 84' lang='lat' dir='ltr'><strong>protinus</strong></span> <span class='ocrx_word' id='word_1_174' title='bbox 567 3383 613 3432; x_wconf 87' lang='lat' dir='ltr'><strong>ex</strong></span> <span class='ocrx_word' id='word_1_175' title='bbox 639 3360 726 3459; x_wconf 86' lang='lat' dir='ltr'><strong>fuga</strong></span> <span class='ocrx_word' id='word_1_176' title='bbox 752 3361 790 3434; x_wconf 91' lang='lat' dir='ltr'><strong>in</strong></span> <span class='ocrx_word' id='word_1_177' title='bbox 818 3360 984 3434; x_wconf 80' lang='lat' dir='ltr'><strong>Africam</strong></span> <span class='ocrx_word' id='word_1_178' title='bbox 1010 3369 1232 3460; x_wconf 86' lang='lat' dir='ltr'><strong>pervenerat</strong></span> <span class='ocrx_word' id='word_1_179' title='bbox 1264 3371 1375 3463; x_wconf 88' lang='lat' dir='ltr'><strong>atque</strong></span> <span class='ocrx_word' id='word_1_180' title='bbox 1398 3382 1464 3434; x_wconf 86' lang='lat' dir='ltr'><strong>eam</strong></span> 
     </span>
    </p>
   </div>
   <div class='ocr_carea' id='block_1_3' title="bbox 371 3479 1463 3586">
    <p class='ocr_par' dir='ltr' id='par_1_4' title="bbox 371 3479 1463 3586">
     <span class='ocr_line' id='line_1_27' title="bbox 371 3479 1463 3586; baseline -0.009 -30"><span class='ocrx_word' id='word_1_181' title='bbox 371 3501 440 3556; x_wconf 84' lang='lat' dir='ltr'><strong>sua</strong></span> <span class='ocrx_word' id='word_1_182' title='bbox 465 3483 597 3586; x_wconf 83' lang='lat' dir='ltr'><strong>sponte</strong></span> <span class='ocrx_word' id='word_1_183' title='bbox 624 3502 784 3558; x_wconf 84' lang='lat' dir='ltr'><strong>vacuam</strong></span> <span class='ocrx_word' id='word_1_184' title='bbox 810 3484 1090 3584; x_wconf 83' lang='lat' dir='ltr'><strong>occupaverat,</strong></span> <span class='ocrx_word' id='word_1_185' title='bbox 1116 3479 1331 3586; x_wconf 85' lang='lat' dir='ltr'><strong>dilectuque</strong></span> <span class='ocrx_word' id='word_1_186' title='bbox 1354 3479 1463 3556; x_wconf 83' lang='lat' dir='ltr'><strong>habito</strong></span> 
     </span>
    </p>
   </div>
   <div class='ocr_carea' id='block_1_4' title="bbox 368 3809 1461 4492">
    <p class='ocr_par' dir='ltr' id='par_1_5' title="bbox 368 3809 1461 4492">
     <span class='ocr_line' id='line_1_28' title="bbox 403 3809 1140 3874; baseline 0.001 -10"><span class='ocrx_word' id='word_1_187' title='bbox 403 3811 441 3864; x_wconf 84' lang='lat' dir='ltr'><strong>M.</strong></span> <span class='ocrx_word' id='word_1_188' title='bbox 460 3812 536 3864; x_wconf 73' lang='lat' dir='ltr'><strong>Gaio.</strong></span> <span class='ocrx_word' id='word_1_189' title='bbox 552 3811 605 3864; x_wconf 84' lang='lat' dir='ltr'><strong>vid.</strong></span> <span class='ocrx_word' id='word_1_190' title='bbox 622 3809 752 3863; x_wconf 84' lang='lat' dir='ltr'><strong>Pintarcb.</strong></span> <span class='ocrx_word' id='word_1_191' title='bbox 769 3810 797 3861; x_wconf 89' lang='lat' dir='ltr'><strong>in</strong></span> <span class='ocrx_word' id='word_1_192' title='bbox 813 3809 891 3863; x_wconf 75' lang='lat' dir='ltr'><strong>huius</strong></span> <span class='ocrx_word' id='word_1_193' title='bbox 959 3811 1016 3865; x_wconf 71' lang='lat' dir='ltr'><strong>Ata</strong></span> <span class='ocrx_word' id='word_1_194' title='bbox 1037 3829 1080 3874; x_wconf 79' lang='lat' dir='ltr'><strong>ro,</strong></span> <span class='ocrx_word' id='word_1_195' title='bbox 1101 3815 1140 3866; x_wconf 68' lang='lat' dir='ltr'><strong>rt.</strong></span> 
     </span>
     <span class='ocr_line' id='line_1_29' title="bbox 368 3879 1461 3996; baseline 0.002 -60"><span class='ocrx_word' id='word_1_196' title='bbox 368 3883 424 3936; x_wconf 77' lang='lat' dir='ltr'><strong>vita</strong></span> <span class='ocrx_word' id='word_1_197' title='bbox 441 3900 463 3932; x_wconf 88' lang='lat' dir='ltr'><strong>c.</strong></span> <span class='ocrx_word' id='word_1_198' title='bbox 482 3883 521 3936; x_wconf 78' lang='lat'><strong>53.</strong></span> <span class='ocrx_word' id='word_1_199' title='bbox 543 3879 596 3933; x_wconf 82' lang='lat' dir='ltr'><strong>sed</strong></span> <span class='ocrx_word' id='word_1_200' title='bbox 614 3887 647 3956; x_wconf 81' lang='lat' dir='ltr'><strong>et¹</strong></span> <span class='ocrx_word' id='word_1_201' title='bbox 658 3879 713 3958; x_wconf 77' lang='lat' dir='ltr'><strong>bic,</strong></span> <span class='ocrx_word' id='word_1_202' title='bbox 731 3886 758 3930; x_wconf 87' lang='lat' dir='ltr'><strong>et</strong></span> <span class='ocrx_word' id='word_1_203' title='bbox 774 3879 891 3996; x_wconf 70' lang='lat' dir='ltr'><strong>Appiae.</strong></span> <span class='ocrx_word' id='word_1_204' title='bbox 996 3892 1104 3946; x_wconf 67' lang='lat' dir='ltr'><strong>Tubero,</strong></span> <span class='ocrx_word' id='word_1_205' title='bbox 1146 3891 1200 3946; x_wconf 79' lang='lat' dir='ltr'><strong>rid.</strong></span> <span class='ocrx_word' id='word_1_206' title='bbox 1218 3891 1273 3947; x_wconf 76' lang='lat' dir='ltr'><strong>Cio.</strong></span> <span class='ocrx_word' id='word_1_207' title='bbox 1290 3911 1339 3966; x_wconf 83' lang='lat' dir='ltr'><strong>pro</strong></span> <span class='ocrx_word' id='word_1_208' title='bbox 1354 3889 1431 3960; x_wconf 69' lang='lat' dir='ltr'><strong>Ligur.</strong></span> <span class='ocrx_word' id='word_1_209' title='bbox 1443 3903 1461 3938; x_wconf 82' lang='lat' dir='ltr'><strong>o·</strong></span> 
     </span>
     <span class='ocr_line' id='line_1_30' title="bbox 370 3945 1093 4028; baseline -0.006 -28"><span class='ocrx_word' id='word_1_210' title='bbox 370 3967 399 4010; x_wconf 85' lang='lat'><strong>2,</strong></span> <span class='ocrx_word' id='word_1_211' title='bbox 418 3959 456 4012; x_wconf 70' lang='grc' dir='ltr'><strong>4ο.</strong></span> <span class='ocrx_word' id='word_1_212' title='bbox 476 3965 502 4018; x_wconf 89' lang='lat' dir='ltr'><strong>p.</strong></span> <span class='ocrx_word' id='word_1_213' title='bbox 523 3954 579 4011; x_wconf 70' lang='lat'><strong>452.</strong></span> <span class='ocrx_word' id='word_1_214' title='bbox 602 3951 723 3999; x_wconf 73' lang='lat' dir='ltr'><strong>Asmruru</strong></span> <span class='ocrx_word' id='word_1_215' title='bbox 746 3945 790 4000; x_wconf 86' lang='lat' dir='ltr'><strong>Poi</strong></span> <span class='ocrx_word' id='word_1_216' title='bbox 805 3963 892 3996; x_wconf 79' lang='lat' dir='ltr'><strong>ionem</strong></span> <span class='ocrx_word' id='word_1_217' title='bbox 962 3981 989 4028; x_wconf 60' lang='grc' dir='ltr'><strong>ι,</strong></span> <span class='ocrx_word' id='word_1_218' title='bbox 1007 3977 1031 4011; x_wconf 67' lang='lat'><strong>2,</strong></span> <span class='ocrx_word' id='word_1_219' title='bbox 1050 3960 1093 4012; x_wconf 76' lang='grc' dir='ltr'><strong>Μ,</strong></span> 
     </span>
     <span class='ocr_line' id='line_1_31' title="bbox 369 4013 893 4074; baseline -0.008 -6"><span class='ocrx_word' id='word_1_220' title='bbox 369 4019 470 4070; x_wconf 79' lang='lat' dir='ltr'><strong>venisse</strong></span> <span class='ocrx_word' id='word_1_221' title='bbox 482 4032 541 4066; x_wconf 84' lang='lat' dir='ltr'><strong>cnm</strong></span> <span class='ocrx_word' id='word_1_222' title='bbox 554 4013 709 4068; x_wconf 74' lang='lat' dir='ltr'><strong>Caesariano</strong></span> <span class='ocrx_word' id='word_1_223' title='bbox 726 4013 839 4066; x_wconf 78' lang='lat' dir='ltr'><strong>exercitu</strong></span> <span class='ocrx_word' id='word_1_224' title='bbox 853 4013 893 4074; x_wconf 80' lang='lat' dir='ltr'><strong>di·</strong></span> 
     </span>
     <span class='ocr_line' id='line_1_32' title="bbox 370 4079 891 4160; baseline -0.004 -26"><span class='ocrx_word' id='word_1_225' title='bbox 370 4094 447 4146; x_wconf 86' lang='lat' dir='ltr'><strong>cunt,</strong></span> <span class='ocrx_word' id='word_1_226' title='bbox 465 4101 524 4136; x_wconf 83' lang='lat' dir='ltr'><strong>cum</strong></span> <span class='ocrx_word' id='word_1_227' title='bbox 536 4082 634 4160; x_wconf 72' lang='lat' dir='ltr'><strong>¹(laceror</strong></span> <span class='ocrx_word' id='word_1_228' title='bbox 645 4082 672 4132; x_wconf 90' lang='lat' dir='ltr'><strong>h.</strong></span> <span class='ocrx_word' id='word_1_229' title='bbox 685 4079 704 4160; x_wconf 66' lang='grc' dir='ltr'><strong>1ἶ</strong></span> <span class='ocrx_word' id='word_1_230' title='bbox 717 4089 743 4133; x_wconf 85' lang='lat' dir='ltr'><strong>ct</strong></span> <span class='ocrx_word' id='word_1_231' title='bbox 757 4079 807 4131; x_wconf 89' lang='lat' dir='ltr'><strong>Dio</strong></span> <span class='ocrx_word' id='word_1_232' title='bbox 819 4081 891 4132; x_wconf 79' lang='lat' dir='ltr'><strong>Caes.</strong></span> 
     </span>
     <span class='ocr_line' id='line_1_33' title="bbox 370 4147 1461 4294; baseline -0.008 -27"><span class='ocrx_word' id='word_1_233' title='bbox 370 4147 892 4294; x_wconf 43' lang='lat' dir='ltr'><strong>i&#39;biiiri⁹&lt;virid¹idigiiiien(iiiidcnriiiirsliiirdiiii3</strong></span> <span class='ocrx_word' id='word_1_234' title='bbox 994 4235 1039 4270; x_wconf 83' lang='lat' dir='ltr'><strong>rua</strong></span> <span class='ocrx_word' id='word_1_235' title='bbox 1052 4230 1140 4286; x_wconf 72' lang='lat' dir='ltr'><strong>sponte</strong></span> <span class='ocrx_word' id='word_1_236' title='bbox 1151 4237 1253 4271; x_wconf 68' lang='lat' dir='ltr'><strong>voutam</strong></span> <span class='ocrx_word' id='word_1_237' title='bbox 1269 4216 1389 4288; x_wconf 82' lang='lat' dir='ltr'><strong>imperio:</strong></span> <span class='ocrx_word' id='word_1_238' title='bbox 1403 4207 1461 4263; x_wconf 85' lang='lat' dir='ltr'><strong>noir·</strong></span> 
     </span>
     <span class='ocr_line' id='line_1_34' title="bbox 370 4277 1460 4362; baseline 0.001 -28"><span class='ocrx_word' id='word_1_239' title='bbox 370 4285 486 4362; x_wconf 78' lang='lat' dir='ltr'><strong>rincum</strong></span> <span class='ocrx_word' id='word_1_240' title='bbox 511 4283 630 4352; x_wconf 79' lang='lat' dir='ltr'><strong>pluribus</strong></span> <span class='ocrx_word' id='word_1_241' title='bbox 652 4291 754 4360; x_wconf 75' lang='lat' dir='ltr'><strong>secutus</strong></span> <span class='ocrx_word' id='word_1_242' title='bbox 776 4292 822 4337; x_wconf 86' lang='lat' dir='ltr'><strong>est.</strong></span> <span class='ocrx_word' id='word_1_243' title='bbox 847 4281 890 4337; x_wconf 79' lang='lat' dir='ltr'><strong>Cf.</strong></span> <span class='ocrx_word' id='word_1_244' title='bbox 959 4283 1110 4338; x_wconf 80' lang='lat' dir='ltr'><strong>bathabere</strong></span> <span class='ocrx_word' id='word_1_245' title='bbox 1128 4285 1290 4348; x_wconf 73' lang='lat' dir='ltr'><strong>Procridem,</strong></span> <span class='ocrx_word' id='word_1_246' title='bbox 1311 4285 1358 4337; x_wconf 81' lang='lat' dir='ltr'><strong>ctsi</strong></span> <span class='ocrx_word' id='word_1_247' title='bbox 1374 4277 1460 4360; x_wconf 60' lang='lat' dir='ltr'><strong>i&#39;ubffss</strong></span> 
     </span>
     <span class='ocr_line' id='line_1_35' title="bbox 369 4347 1460 4422; baseline 0.005 -22"><span class='ocrx_word' id='word_1_248' title='bbox 369 4351 487 4420; x_wconf 78' lang='lat' dir='ltr'><strong>Appmn.</strong></span> <span class='ocrx_word' id='word_1_249' title='bbox 507 4367 533 4412; x_wconf 79' lang='lat'><strong>2,</strong></span> <span class='ocrx_word' id='word_1_250' title='bbox 553 4360 591 4414; x_wconf 72' lang='lat'><strong>41.</strong></span> <span class='ocrx_word' id='word_1_251' title='bbox 611 4369 638 4422; x_wconf 90' lang='lat' dir='ltr'><strong>p.</strong></span> <span class='ocrx_word' id='word_1_252' title='bbox 656 4351 713 4416; x_wconf 71' lang='lat'><strong>455.</strong></span> <span class='ocrx_word' id='word_1_253' title='bbox 731 4350 774 4402; x_wconf 88' lang='lat' dir='ltr'><strong>M.</strong></span> <span class='ocrx_word' id='word_1_254' title='bbox 959 4351 1143 4408; x_wconf 77' lang='lat' dir='ltr'><strong>eidestinatua</strong></span> <span class='ocrx_word' id='word_1_255' title='bbox 1160 4363 1216 4410; x_wconf 70' lang='lat' dir='ltr'><strong>erut</strong></span> <span class='ocrx_word' id='word_1_256' title='bbox 1233 4355 1341 4412; x_wconf 62' lang='grc' dir='ltr'><strong>ΡΜ</strong></span> <span class='ocrx_word' id='word_1_257' title='bbox 1359 4347 1405 4405; x_wconf 85' lang='lat' dir='ltr'><strong>nd.</strong></span> <span class='ocrx_word' id='word_1_258' title='bbox 1416 4347 1460 4398; x_wconf 57' lang='grc' dir='ltr'><strong>(Μ’</strong></span> 
     </span>
     <span class='ocr_line' id='line_1_36' title="bbox 403 4416 1077 4492; baseline 0.01 -24"><span class='ocrx_word' id='word_1_259' title='bbox 403 4437 456 4475; x_wconf 75' lang='lat' dir='ltr'><strong>scre</strong></span> <span class='ocrx_word' id='word_1_260' title='bbox 470 4421 616 4492; x_wconf 76' lang='lat' dir='ltr'><strong>proiectum.</strong></span> <span class='ocrx_word' id='word_1_261' title='bbox 664 4416 706 4473; x_wconf 81' lang='lat' dir='ltr'><strong>Ci.</strong></span> <span class='ocrx_word' id='word_1_262' title='bbox 724 4419 778 4471; x_wconf 86' lang='lat' dir='ltr'><strong>Cic.</strong></span> <span class='ocrx_word' id='word_1_263' title='bbox 796 4435 838 4492; x_wconf 83' lang='lat' dir='ltr'><strong>ep.</strong></span> <span class='ocrx_word' id='word_1_264' title='bbox 856 4417 892 4474; x_wconf 72' lang='lat' dir='ltr'><strong>uel</strong></span> <span class='ocrx_word' id='word_1_265' title='bbox 958 4419 986 4474; x_wconf 86' lang='lat' dir='ltr'><strong>d.</strong></span> <span class='ocrx_word' id='word_1_266' title='bbox 1002 4418 1021 4474; x_wconf 84' lang='lat' dir='ltr'><strong>l.</strong></span> <span class='ocrx_word' id='word_1_267' title='bbox 1038 4422 1077 4475; x_wconf 75' lang='grc' dir='ltr'><strong>Μ.</strong></span> 
     </span>
    </p>
   </div>
   <div class='ocr_carea' id='block_1_5' title="bbox 961 4049 1461 4178">
    <p class='ocr_par' dir='ltr' id='par_1_6' title="bbox 961 4049 1461 4178">
     <span class='ocr_line' id='line_1_37' title="bbox 961 4049 1461 4178; baseline -0.008 -66"><span class='ocrx_word' id='word_1_268' title='bbox 961 4071 1072 4178; x_wconf 51' lang='grc' dir='ltr'><strong>ύἭα</strong></span> <span class='ocrx_word' id='word_1_269' title='bbox 1088 4052 1326 4111; x_wconf 58' lang='lat' dir='ltr'><strong>ammonuimus.</strong></span> <span class='ocrx_word' id='word_1_270' title='bbox 1364 4049 1403 4108; x_wconf 83' lang='lat' dir='ltr'><strong>Cf·</strong></span> <span class='ocrx_word' id='word_1_271' title='bbox 1416 4063 1461 4116; x_wconf 70' lang='lat' dir='ltr'><strong>erp.</strong></span> 
     </span>
    </p>
   </div>
   <div class='ocr_carea' id='block_1_6' title="bbox 0 0 1518 5264">
    <p class='ocr_par' dir='ltr' id='par_1_7' title="bbox 0 0 1518 5264">
     <span class='ocr_line' id='line_1_38' title="bbox 0 0 1518 5264; baseline 0 0"><span class='ocrx_word' id='word_1_272' title='bbox 0 0 1518 5264; x_wconf 95' lang='lat' dir='ltr'><strong> </strong></span> 
     </span>
    </p>
   </div>
  </div>
 </body>
</html>
