<?xml version="1.0" encoding="UTF-8"?>
<!DOCTYPE html PUBLIC "-//W3C//DTD XHTML 1.0 Transitional//EN"
    "http://www.w3.org/TR/xhtml1/DTD/xhtml1-transitional.dtd">
<html xmlns="http://www.w3.org/1999/xhtml" xml:lang="en" lang="en">
 <head>
  <title>
</title>
<meta http-equiv="Content-Type" content="text/html;charset=utf-8" />
  <meta name='ocr-system' content='tesseract 3.04.00' />
  <meta name='ocr-capabilities' content='ocr_page ocr_carea ocr_par ocr_line ocrx_word'/>
</head>
<body>
  <div class='ocr_page' id='page_1' title='image "./ciuliicaesarisc00cellgoog_0057.png"; bbox 0 0 3068 5260; ppageno 0'>
   <div class='ocr_carea' id='block_1_1' title="bbox 481 433 1223 562">
    <p class='ocr_par' dir='ltr' id='par_1_1' title="bbox 481 433 1223 562">
     <span class='ocr_line' id='line_1_1' title="bbox 481 433 1223 562; baseline 0.003 -36"><span class='ocrx_word' id='word_1_1' title='bbox 481 466 561 527; x_wconf 83' lang='lat' dir='ltr'><strong>nn.</strong></span> <span class='ocrx_word' id='word_1_2' title='bbox 595 465 623 526; x_wconf 90' lang='lat' dir='ltr'><strong>r.</strong></span> <span class='ocrx_word' id='word_1_3' title='bbox 657 467 751 529; x_wconf 77' lang='lat' dir='ltr'><strong>osr.</strong></span> <span class='ocrx_word' id='word_1_4' title='bbox 790 467 899 562; x_wconf 66' lang='lat'><strong>7„9‚</strong></span> <span class='ocrx_word' id='word_1_5' title='bbox 1057 555 1059 560; x_wconf 67' lang='lat'><em>,</em></span> <span class='ocrx_word' id='word_1_6' title='bbox 1168 433 1223 529; x_wconf 76' lang='lat'><strong>13</strong></span> 
     </span>
    </p>
   </div>
   <div class='ocr_carea' id='block_1_2' title="bbox 68 667 1231 1930">
    <p class='ocr_par' dir='ltr' id='par_1_2' title="bbox 68 667 1231 1934">
     <span class='ocr_line' id='line_1_2' title="bbox 102 667 1226 773; baseline -0.001 -26"><span class='ocrx_word' id='word_1_7' title='bbox 102 671 300 773; x_wconf 83' lang='lat' dir='ltr'><strong>prohibere</strong></span> <span class='ocrx_word' id='word_1_8' title='bbox 319 667 446 768; x_wconf 80' lang='lat' dir='ltr'><strong>possit.</strong></span> <span class='ocrx_word' id='word_1_9' title='bbox 464 669 539 742; x_wconf 86' lang='lat' dir='ltr'><strong>Ubi</strong></span> <span class='ocrx_word' id='word_1_10' title='bbox 555 695 598 742; x_wconf 89' lang='lat' dir='ltr'><strong>ea</strong></span> <span class='ocrx_word' id='word_1_11' title='bbox 618 669 715 759; x_wconf 89' lang='lat' dir='ltr'><strong>dies,</strong></span> <span class='ocrx_word' id='word_1_12' title='bbox 735 695 852 768; x_wconf 83' lang='lat' dir='ltr'><strong>quarn</strong></span> <span class='ocrx_word' id='word_1_13' title='bbox 870 672 1119 746; x_wconf 87' lang='lat' dir='ltr'><strong>constituerat</strong></span> <span class='ocrx_word' id='word_1_14' title='bbox 1137 696 1226 746; x_wconf 87' lang='lat' dir='ltr'><strong>cum</strong></span> 
     </span>
     <span class='ocr_line' id='line_1_3' title="bbox 104 785 1230 891; baseline -0.001 -27"><span class='ocrx_word' id='word_1_15' title='bbox 104 791 257 891; x_wconf 83' lang='lat' dir='ltr'><strong>legatis,</strong></span> <span class='ocrx_word' id='word_1_16' title='bbox 286 786 411 874; x_wconf 82' lang='lat' dir='ltr'><strong>venit,</strong></span> <span class='ocrx_word' id='word_1_17' title='bbox 438 794 476 858; x_wconf 90' lang='lat' dir='ltr'><strong>et</strong></span> <span class='ocrx_word' id='word_1_18' title='bbox 493 785 605 887; x_wconf 81' lang='lat' dir='ltr'><strong>legati</strong></span> <span class='ocrx_word' id='word_1_19' title='bbox 626 787 673 860; x_wconf 91' lang='lat' dir='ltr'><strong>ad</strong></span> <span class='ocrx_word' id='word_1_20' title='bbox 697 813 785 860; x_wconf 88' lang='lat' dir='ltr'><strong>eum</strong></span> <span class='ocrx_word' id='word_1_21' title='bbox 808 795 1066 880; x_wconf 85' lang='lat' dir='ltr'><strong>reverterunt,</strong></span> <span class='ocrx_word' id='word_1_22' title='bbox 1093 797 1230 890; x_wconf 81' lang='lat' dir='ltr'><strong>negat,</strong></span> 
     </span>
     <span class='ocr_line' id='line_1_4' title="bbox 101 901 1223 1006; baseline -0.003 -24"><span class='ocrx_word' id='word_1_23' title='bbox 101 933 143 982; x_wconf 89' lang='lat' dir='ltr'><strong>se</strong></span> <span class='ocrx_word' id='word_1_24' title='bbox 166 931 264 979; x_wconf 88' lang='lat' dir='ltr'><strong>more</strong></span> <span class='ocrx_word' id='word_1_25' title='bbox 287 918 322 978; x_wconf 81' lang='lat' dir='ltr'><strong>et</strong></span> <span class='ocrx_word' id='word_1_26' title='bbox 346 905 506 1001; x_wconf 74' lang='lat' dir='ltr'><strong>exemplo</strong></span> <span class='ocrx_word' id='word_1_27' title='bbox 533 901 666 999; x_wconf 70' lang='lat' dir='ltr'><strong>Populi</strong></span> <span class='ocrx_word' id='word_1_28' title='bbox 681 905 839 978; x_wconf 81' lang='lat' dir='ltr'><strong>Romani</strong></span> <span class='ocrx_word' id='word_1_29' title='bbox 858 931 965 1004; x_wconf 85' lang='lat' dir='ltr'><strong>posse</strong></span> <span class='ocrx_word' id='word_1_30' title='bbox 989 911 1057 980; x_wconf 85' lang='lat' dir='ltr'><strong>iter</strong></span> <span class='ocrx_word' id='word_1_31' title='bbox 1075 909 1142 980; x_wconf 77' lang='lat' dir='ltr'><strong>ult·</strong></span> <span class='ocrx_word' id='word_1_32' title='bbox 1153 933 1223 1006; x_wconf 77' lang='lat' dir='ltr'><strong>per</strong></span> 
     </span>
     <span class='ocr_line' id='line_1_5' title="bbox 103 1006 1228 1119; baseline 0.002 -27"><span class='ocrx_word' id='word_1_33' title='bbox 103 1021 337 1095; x_wconf 79' lang='lat' dir='ltr'><strong>Provinciam</strong></span> <span class='ocrx_word' id='word_1_34' title='bbox 362 1019 469 1102; x_wconf 83' lang='lat' dir='ltr'><strong>dare3</strong></span> <span class='ocrx_word' id='word_1_35' title='bbox 500 1006 558 1105; x_wconf 75' lang='lat' dir='ltr'><strong>et,</strong></span> <span class='ocrx_word' id='word_1_36' title='bbox 583 1022 619 1088; x_wconf 78' lang='lat' dir='ltr'><strong>si</strong></span> <span class='ocrx_word' id='word_1_37' title='bbox 643 1023 715 1093; x_wconf 79' lang='lat' dir='ltr'><strong>vim</strong></span> <span class='ocrx_word' id='word_1_38' title='bbox 726 1019 862 1114; x_wconf 83' lang='lat' dir='ltr'><strong>facere</strong></span> <span class='ocrx_word' id='word_1_39' title='bbox 886 1035 1082 1111; x_wconf 82' lang='lat' dir='ltr'><strong>conentur,</strong></span> <span class='ocrx_word' id='word_1_40' title='bbox 1102 1018 1228 1119; x_wconf 79' lang='lat' dir='ltr'><strong>prohi-</strong></span> 
     </span>
     <span class='ocr_line' id='line_1_6' title="bbox 101 1133 1227 1236; baseline 0 -25"><span class='ocrx_word' id='word_1_41' title='bbox 101 1139 263 1211; x_wconf 81' lang='lat' dir='ltr'><strong>biturum</strong></span> <span class='ocrx_word' id='word_1_42' title='bbox 288 1136 463 1209; x_wconf 83' lang='lat' dir='ltr'><strong>ostendit.</strong></span> <span class='ocrx_word' id='word_1_43' title='bbox 491 1133 677 1224; x_wconf 86' lang='lat' dir='ltr'><strong>Helvetii,</strong></span> <span class='ocrx_word' id='word_1_44' title='bbox 709 1160 752 1208; x_wconf 85' lang='lat' dir='ltr'><strong>ea</strong></span> <span class='ocrx_word' id='word_1_45' title='bbox 780 1161 843 1236; x_wconf 85' lang='lat' dir='ltr'><strong>spe</strong></span> <span class='ocrx_word' id='word_1_46' title='bbox 871 1135 1032 1226; x_wconf 85' lang='lat' dir='ltr'><strong>deiecti,</strong></span> <span class='ocrx_word' id='word_1_47' title='bbox 1065 1139 1227 1211; x_wconf 86' lang='lat' dir='ltr'><strong>navibus</strong></span> 
     </span>
     <span class='ocr_line' id='line_1_7' title="bbox 102 1249 1228 1348; baseline 0 -22"><span class='ocrx_word' id='word_1_48' title='bbox 102 1253 264 1340; x_wconf 88' lang='lat' dir='ltr'><strong>iunctis,</strong></span> <span class='ocrx_word' id='word_1_49' title='bbox 308 1251 524 1348; x_wconf 87' lang='lat' dir='ltr'><strong>ratibusque</strong></span> <span class='ocrx_word' id='word_1_50' title='bbox 559 1249 815 1347; x_wconf 80' lang='lat' dir='ltr'><strong>compluribus</strong></span> <span class='ocrx_word' id='word_1_51' title='bbox 850 1251 983 1340; x_wconf 82' lang='lat' dir='ltr'><strong>factis,</strong></span> <span class='ocrx_word' id='word_1_52' title='bbox 1027 1250 1087 1326; x_wconf 89' lang='lat' dir='ltr'><strong>alii</strong></span> <span class='ocrx_word' id='word_1_53' title='bbox 1122 1253 1228 1326; x_wconf 89' lang='lat' dir='ltr'><strong>vadis</strong></span> 
     </span>
     <span class='ocr_line' id='line_1_8' title="bbox 102 1365 1229 1466; baseline 0 -24"><span class='ocrx_word' id='word_1_54' title='bbox 102 1370 298 1459; x_wconf 89' lang='lat' dir='ltr'><strong>Rhodani,</strong></span> <span class='ocrx_word' id='word_1_55' title='bbox 334 1393 408 1466; x_wconf 85' lang='lat' dir='ltr'><strong>qua</strong></span> <span class='ocrx_word' id='word_1_56' title='bbox 433 1367 589 1439; x_wconf 88' lang='lat' dir='ltr'><strong>minima</strong></span> <span class='ocrx_word' id='word_1_57' title='bbox 617 1365 780 1440; x_wconf 79' lang='lat' dir='ltr'><strong>altitudo</strong></span> <span class='ocrx_word' id='word_1_58' title='bbox 807 1365 971 1441; x_wconf 89' lang='lat' dir='ltr'><strong>fluminis</strong></span> <span class='ocrx_word' id='word_1_59' title='bbox 998 1375 1101 1460; x_wconf 88' lang='lat' dir='ltr'><strong>erat,</strong></span> <span class='ocrx_word' id='word_1_60' title='bbox 1131 1395 1229 1442; x_wconf 90' lang='lat' dir='ltr'><strong>non-</strong></span> 
     </span>
     <span class='ocr_line' id='line_1_9' title="bbox 68 1483 1228 1584; baseline -0.001 -23"><span class='ocrx_word' id='word_1_61' title='bbox 68 1557 69 1561; x_wconf 73' lang='grc'>,</span> <span class='ocrx_word' id='word_1_62' title='bbox 102 1509 299 1582; x_wconf 90' lang='lat' dir='ltr'><strong>nunquam</strong></span> <span class='ocrx_word' id='word_1_63' title='bbox 331 1483 518 1572; x_wconf 81' lang='lat' dir='ltr'><strong>interdiu,</strong></span> <span class='ocrx_word' id='word_1_64' title='bbox 555 1484 702 1581; x_wconf 88' lang='lat' dir='ltr'><strong>saepius</strong></span> <span class='ocrx_word' id='word_1_65' title='bbox 736 1491 876 1568; x_wconf 89' lang='lat' dir='ltr'><strong>noctu,</strong></span> <span class='ocrx_word' id='word_1_66' title='bbox 921 1485 951 1556; x_wconf 90' lang='lat' dir='ltr'><strong>si</strong></span> <span class='ocrx_word' id='word_1_67' title='bbox 987 1509 1228 1584; x_wconf 76' lang='lat' dir='ltr'>perrumpere</span> 
     </span>
     <span class='ocr_line' id='line_1_10' title="bbox 104 1599 1229 1700; baseline 0.004 -27"><span class='ocrx_word' id='word_1_68' title='bbox 104 1607 277 1700; x_wconf 86' lang='lat' dir='ltr'><strong>possent,</strong></span> <span class='ocrx_word' id='word_1_69' title='bbox 303 1600 454 1683; x_wconf 85' lang='lat' dir='ltr'><strong>conati,</strong></span> <span class='ocrx_word' id='word_1_70' title='bbox 484 1599 605 1697; x_wconf 90' lang='lat' dir='ltr'><strong>operis</strong></span> <span class='ocrx_word' id='word_1_71' title='bbox 631 1599 862 1689; x_wconf 86' lang='lat' dir='ltr'><strong>munitione,</strong></span> <span class='ocrx_word' id='word_1_72' title='bbox 890 1606 929 1674; x_wconf 89' lang='lat' dir='ltr'><strong>et</strong></span> <span class='ocrx_word' id='word_1_73' title='bbox 947 1601 1114 1675; x_wconf 85' lang='lat' dir='ltr'><strong>rnilitum</strong></span> <span class='ocrx_word' id='word_1_74' title='bbox 1140 1627 1229 1677; x_wconf 88' lang='lat' dir='ltr'><strong>eon·</strong></span> 
     </span>
     <span class='ocr_line' id='line_1_11' title="bbox 105 1712 1131 1811; baseline 0.005 -25"><span class='ocrx_word' id='word_1_75' title='bbox 105 1739 220 1788; x_wconf 88' lang='lat' dir='ltr'><strong>cursu</strong></span> <span class='ocrx_word' id='word_1_76' title='bbox 246 1722 285 1786; x_wconf 84' lang='lat' dir='ltr'><strong>et</strong></span> <span class='ocrx_word' id='word_1_77' title='bbox 311 1713 395 1786; x_wconf 88' lang='lat' dir='ltr'><strong>telis</strong></span> <span class='ocrx_word' id='word_1_78' title='bbox 421 1712 579 1811; x_wconf 90' lang='lat' dir='ltr'><strong>repulsi,</strong></span> <span class='ocrx_word' id='word_1_79' title='bbox 622 1713 695 1786; x_wconf 88' lang='lat' dir='ltr'><strong>lroc</strong></span> <span class='ocrx_word' id='word_1_80' title='bbox 723 1721 865 1788; x_wconf 88' lang='lat' dir='ltr'><strong>conatu</strong></span> <span class='ocrx_word' id='word_1_81' title='bbox 891 1715 1131 1791; x_wconf 86' lang='lat' dir='ltr'><strong>destiterunt.</strong></span> 
     </span>
     <span class='ocr_line' id='line_1_12' title="bbox 156 1825 1231 1930; baseline 0.002 -28"><span class='ocrx_word' id='word_1_82' title='bbox 156 1853 192 1925; x_wconf 84' lang='lat'><strong>9.</strong></span> <span class='ocrx_word' id='word_1_83' title='bbox 225 1825 522 1925; x_wconf 82' lang='lat' dir='ltr'><strong>Relinquebatur</strong></span> <span class='ocrx_word' id='word_1_84' title='bbox 561 1851 635 1900; x_wconf 88' lang='lat' dir='ltr'><strong>una</strong></span> <span class='ocrx_word' id='word_1_85' title='bbox 667 1853 736 1928; x_wconf 88' lang='lat' dir='ltr'><strong>per</strong></span> <span class='ocrx_word' id='word_1_86' title='bbox 770 1831 963 1928; x_wconf 83' lang='lat' dir='ltr'><strong>Sequanos</strong></span> <span class='ocrx_word' id='word_1_87' title='bbox 998 1831 1087 1921; x_wconf 81' lang='lat' dir='ltr'><strong>via,</strong></span> <span class='ocrx_word' id='word_1_88' title='bbox 1126 1854 1231 1930; x_wconf 89' lang='lat' dir='ltr'><strong>qua,</strong></span> 
     </span>
    </p>
   </div>
   <div class='ocr_carea' id='block_1_3' title="bbox 8 2026 633 2092">
    <p class='ocr_par' dir='ltr' id='par_1_3' title="bbox 8 2026 633 2092">
     <span class='ocr_line' id='line_1_13' title="bbox 8 2026 633 2092; baseline 0.003 -12"><span class='ocrx_word' id='word_1_89' title='bbox 8 2041 9 2044; x_wconf 76' lang='grc'>’</span> <span class='ocrx_word' id='word_1_90' title='bbox 101 2029 200 2090; x_wconf 80' lang='lat' dir='ltr'><strong>derat,</strong></span> <span class='ocrx_word' id='word_1_91' title='bbox 228 2029 309 2092; x_wconf 79' lang='lat' dir='ltr'><strong>etiarn</strong></span> <span class='ocrx_word' id='word_1_92' title='bbox 326 2026 436 2082; x_wconf 81' lang='lat' dir='ltr'><strong>verbnm</strong></span> <span class='ocrx_word' id='word_1_93' title='bbox 470 2028 561 2090; x_wconf 81' lang='lat' dir='ltr'><strong>Iuram</strong></span> <span class='ocrx_word' id='word_1_94' title='bbox 578 2047 633 2082; x_wconf 88' lang='lat' dir='ltr'><strong>esse</strong></span> 
     </span>
    </p>
   </div>
   <div class='ocr_carea' id='block_1_4' title="bbox 85 2089 634 4047">
    <p class='ocr_par' dir='ltr' id='par_1_4' title="bbox 85 2089 634 4047">
     <span class='ocr_line' id='line_1_14' title="bbox 102 2089 634 2165; baseline 0 -17"><span class='ocrx_word' id='word_1_95' title='bbox 102 2095 274 2148; x_wconf 84' lang='lat' dir='ltr'><strong>tollendum:</strong></span> <span class='ocrx_word' id='word_1_96' title='bbox 302 2093 413 2148; x_wconf 80' lang='lat' dir='ltr'><strong>finxerat</strong></span> <span class='ocrx_word' id='word_1_97' title='bbox 429 2089 535 2165; x_wconf 79' lang='lat' dir='ltr'><strong>potius,</strong></span> <span class='ocrx_word' id='word_1_98' title='bbox 557 2115 634 2148; x_wconf 86' lang='lat' dir='ltr'><strong>mon·</strong></span> 
     </span>
     <span class='ocr_line' id='line_1_15' title="bbox 103 2163 633 2216; baseline 0.002 -1"><span class='ocrx_word' id='word_1_99' title='bbox 103 2171 146 2216; x_wconf 87' lang='lat' dir='ltr'><strong>tes</strong></span> <span class='ocrx_word' id='word_1_100' title='bbox 157 2164 196 2215; x_wconf 87' lang='lat' dir='ltr'><strong>eis</strong></span> <span class='ocrx_word' id='word_1_101' title='bbox 212 2163 371 2216; x_wconf 82' lang='lat' dir='ltr'><strong>Rhodanum</strong></span> <span class='ocrx_word' id='word_1_102' title='bbox 383 2164 463 2216; x_wconf 81' lang='lat' dir='ltr'><strong>etiarn</strong></span> <span class='ocrx_word' id='word_1_103' title='bbox 480 2163 566 2216; x_wconf 85' lang='lat' dir='ltr'><strong>dictos</strong></span> <span class='ocrx_word' id='word_1_104' title='bbox 578 2179 633 2216; x_wconf 78' lang='lat' dir='ltr'><strong>esse</strong></span> 
     </span>
     <span class='ocr_line' id='line_1_16' title="bbox 103 2230 633 2300; baseline 0.002 -18"><span class='ocrx_word' id='word_1_105' title='bbox 103 2232 204 2282; x_wconf 87' lang='lat' dir='ltr'><strong>Iuram.</strong></span> <span class='ocrx_word' id='word_1_106' title='bbox 233 2230 313 2300; x_wconf 79' lang='lat' dir='ltr'><strong>Quod</strong></span> <span class='ocrx_word' id='word_1_107' title='bbox 330 2232 396 2282; x_wconf 88' lang='lat' dir='ltr'><strong>siin</strong></span> <span class='ocrx_word' id='word_1_108' title='bbox 411 2240 466 2282; x_wconf 67' lang='lat' dir='ltr'><strong>um</strong></span> <span class='ocrx_word' id='word_1_109' title='bbox 478 2231 588 2283; x_wconf 85' lang='lat' dir='ltr'><strong>obseura</strong></span> <span class='ocrx_word' id='word_1_110' title='bbox 606 2251 633 2283; x_wconf 92' lang='lat' dir='ltr'><strong>re</strong></span> 
     </span>
     <span class='ocr_line' id='line_1_17' title="bbox 102 2296 633 2367; baseline 0.004 -17"><span class='ocrx_word' id='word_1_111' title='bbox 102 2297 168 2350; x_wconf 84' lang='lat' dir='ltr'><strong>licet</strong></span> <span class='ocrx_word' id='word_1_112' title='bbox 192 2296 292 2367; x_wconf 84' lang='lat' dir='ltr'><strong>aliquid</strong></span> <span class='ocrx_word' id='word_1_113' title='bbox 318 2299 498 2357; x_wconf 83' lang='lat' dir='ltr'><strong>constituere,</strong></span> <span class='ocrx_word' id='word_1_114' title='bbox 527 2300 633 2352; x_wconf 83' lang='lat' dir='ltr'><strong>omissis</strong></span> 
     </span>
     <span class='ocr_line' id='line_1_18' title="bbox 102 2365 634 2435; baseline 0.006 -19"><span class='ocrx_word' id='word_1_115' title='bbox 102 2367 158 2425; x_wconf 82' lang='lat' dir='ltr'><strong>iis,</strong></span> <span class='ocrx_word' id='word_1_116' title='bbox 176 2383 241 2435; x_wconf 80' lang='lat' dir='ltr'><strong>quoe</strong></span> <span class='ocrx_word' id='word_1_117' title='bbox 259 2365 318 2416; x_wconf 83' lang='lat' dir='ltr'><strong>dixi</strong></span> <span class='ocrx_word' id='word_1_118' title='bbox 336 2366 483 2434; x_wconf 83' lang='lat' dir='ltr'><strong>omittenda</strong></span> <span class='ocrx_word' id='word_1_119' title='bbox 501 2385 573 2428; x_wconf 86' lang='lat' dir='ltr'><strong>esse,</strong></span> <span class='ocrx_word' id='word_1_120' title='bbox 597 2365 634 2419; x_wconf 89' lang='lat' dir='ltr'><strong>lo·</strong></span> 
     </span>
     <span class='ocr_line' id='line_1_19' title="bbox 101 2432 634 2502; baseline 0.002 -18"><span class='ocrx_word' id='word_1_121' title='bbox 101 2451 165 2484; x_wconf 89' lang='lat' dir='ltr'><strong>eum</strong></span> <span class='ocrx_word' id='word_1_122' title='bbox 177 2433 216 2486; x_wconf 85' lang='lat' dir='ltr'><strong>sie</strong></span> <span class='ocrx_word' id='word_1_123' title='bbox 226 2432 368 2502; x_wconf 80' lang='lat' dir='ltr'><strong>legendum</strong></span> <span class='ocrx_word' id='word_1_124' title='bbox 383 2441 449 2502; x_wconf 87' lang='lat' dir='ltr'><strong>puto</strong></span> <span class='ocrx_word' id='word_1_125' title='bbox 461 2452 466 2483; x_wconf 95' lang='lat'><strong>:</strong></span> <span class='ocrx_word' id='word_1_126' title='bbox 485 2453 502 2484; x_wconf 82' lang='lat' dir='ltr'><strong>a</strong></span> <span class='ocrx_word' id='word_1_127' title='bbox 515 2435 573 2484; x_wconf 85' lang='lat' dir='ltr'><strong>loen</strong></span> <span class='ocrx_word' id='word_1_128' title='bbox 585 2435 634 2485; x_wconf 85' lang='lat' dir='ltr'><strong>Le·</strong></span> 
     </span>
     <span class='ocr_line' id='line_1_20' title="bbox 101 2501 633 2570; baseline 0.008 -22"><span class='ocrx_word' id='word_1_129' title='bbox 101 2517 218 2564; x_wconf 74' lang='lat' dir='ltr'><strong>manno,</strong></span> <span class='ocrx_word' id='word_1_130' title='bbox 245 2505 290 2570; x_wconf 78' lang='lat' dir='ltr'><strong>qui</strong></span> <span class='ocrx_word' id='word_1_131' title='bbox 311 2504 339 2552; x_wconf 85' lang='lat' dir='ltr'><strong>in</strong></span> <span class='ocrx_word' id='word_1_132' title='bbox 350 2503 453 2570; x_wconf 64' lang='lat' dir='ltr'><strong>flatenen</strong></span> <span class='ocrx_word' id='word_1_133' title='bbox 479 2501 633 2568; x_wconf 69' lang='lat' dir='ltr'><strong>Rhodarusnp</strong></span> 
     </span>
     <span class='ocr_line' id='line_1_21' title="bbox 101 2569 633 2638; baseline 0.002 -20"><span class='ocrx_word' id='word_1_134' title='bbox 101 2571 210 2636; x_wconf 55' lang='lat' dir='ltr'><strong>defluit,</strong></span> <span class='ocrx_word' id='word_1_135' title='bbox 233 2569 269 2619; x_wconf 83' lang='lat' dir='ltr'><strong>ad</strong></span> <span class='ocrx_word' id='word_1_136' title='bbox 293 2581 391 2619; x_wconf 84' lang='lat' dir='ltr'><strong>montes</strong></span> <span class='ocrx_word' id='word_1_137' title='bbox 417 2569 491 2620; x_wconf 72' lang='lat' dir='ltr'><strong>milia</strong></span> <span class='ocrx_word' id='word_1_138' title='bbox 509 2587 633 2638; x_wconf 79' lang='lat' dir='ltr'><strong>passuum</strong></span> 
     </span>
     <span class='ocr_line' id='line_1_22' title="bbox 98 2639 633 2708; baseline -0.004 -17"><span class='ocrx_word' id='word_1_139' title='bbox 98 2664 136 2676; x_wconf 88' lang='lat'>-</span> <span class='ocrx_word' id='word_1_140' title='bbox 154 2663 188 2691; x_wconf 74' lang='grc' dir='ltr'><strong>-τ</strong></span> <span class='ocrx_word' id='word_1_141' title='bbox 203 2653 305 2696; x_wconf 68' lang='lat' dir='ltr'><strong>murum</strong></span> <span class='ocrx_word' id='word_1_142' title='bbox 315 2665 348 2674; x_wconf 93' lang='grc'>-</span> <span class='ocrx_word' id='word_1_143' title='bbox 365 2665 398 2690; x_wconf 82' lang='grc'><strong>-.-</strong></span> <span class='ocrx_word' id='word_1_144' title='bbox 410 2639 561 2708; x_wconf 69' lang='lat' dir='ltr'><strong>jussamque</strong></span> <span class='ocrx_word' id='word_1_145' title='bbox 575 2655 633 2706; x_wconf 80' lang='lat' dir='ltr'><strong>per·-</strong></span> 
     </span>
     <span class='ocr_line' id='line_1_23' title="bbox 98 2703 633 2758; baseline 0.006 -6"><span class='ocrx_word' id='word_1_146' title='bbox 98 2703 179 2754; x_wconf 74' lang='lat' dir='ltr'><strong>ducis.</strong></span> <span class='ocrx_word' id='word_1_147' title='bbox 210 2703 264 2758; x_wconf 85' lang='lat' dir='ltr'><strong>Sed</strong></span> <span class='ocrx_word' id='word_1_148' title='bbox 281 2711 366 2756; x_wconf 87' lang='lat' dir='ltr'><strong>tutius</strong></span> <span class='ocrx_word' id='word_1_149' title='bbox 386 2704 493 2756; x_wconf 81' lang='lat' dir='ltr'><strong>fortasse</strong></span> <span class='ocrx_word' id='word_1_150' title='bbox 510 2713 550 2756; x_wconf 87' lang='lat' dir='ltr'><strong>est</strong></span> <span class='ocrx_word' id='word_1_151' title='bbox 571 2723 633 2756; x_wconf 83' lang='lat' dir='ltr'><strong>enm</strong></span> 
     </span>
     <span class='ocr_line' id='line_1_24' title="bbox 96 2770 633 2830; baseline 0.004 -8"><span class='ocrx_word' id='word_1_152' title='bbox 96 2770 214 2822; x_wconf 76' lang='lat' dir='ltr'><strong>Durisio</strong></span> <span class='ocrx_word' id='word_1_153' title='bbox 237 2779 264 2822; x_wconf 90' lang='lat' dir='ltr'><strong>et</strong></span> <span class='ocrx_word' id='word_1_154' title='bbox 283 2770 391 2823; x_wconf 82' lang='lat' dir='ltr'><strong>Clarluo</strong></span> <span class='ocrx_word' id='word_1_155' title='bbox 409 2772 500 2830; x_wconf 81' lang='lat' dir='ltr'><strong>soteri,</strong></span> <span class='ocrx_word' id='word_1_156' title='bbox 519 2791 573 2823; x_wconf 91' lang='lat' dir='ltr'><strong>non</strong></span> <span class='ocrx_word' id='word_1_157' title='bbox 590 2791 633 2824; x_wconf 87' lang='lat' dir='ltr'><strong>es-</strong></span> 
     </span>
     <span class='ocr_line' id='line_1_25' title="bbox 97 2837 632 2918; baseline 0.004 -28"><span class='ocrx_word' id='word_1_158' title='bbox 97 2857 130 2890; x_wconf 81' lang='lat' dir='ltr'><strong>se</strong></span> <span class='ocrx_word' id='word_1_159' title='bbox 154 2837 241 2891; x_wconf 85' lang='lat' dir='ltr'><strong>locum</strong></span> <span class='ocrx_word' id='word_1_160' title='bbox 271 2841 442 2918; x_wconf 76' lang='lat' dir='ltr'><strong>perspicuum</strong></span> <span class='ocrx_word' id='word_1_161' title='bbox 457 2840 522 2892; x_wconf 84' lang='lat' dir='ltr'><strong>satis</strong></span> <span class='ocrx_word' id='word_1_162' title='bbox 546 2859 632 2912; x_wconf 87' lang='lat' dir='ltr'><strong>neque</strong></span> 
     </span>
     <span class='ocr_line' id='line_1_26' title="bbox 96 2905 632 2978; baseline 0.002 -21"><span class='ocrx_word' id='word_1_163' title='bbox 96 2925 181 2978; x_wconf 82' lang='lat' dir='ltr'><strong>posse</strong></span> <span class='ocrx_word' id='word_1_164' title='bbox 209 2924 298 2958; x_wconf 83' lang='lat' dir='ltr'><strong>omma</strong></span> <span class='ocrx_word' id='word_1_165' title='bbox 328 2907 456 2976; x_wconf 74' lang='lat' dir='ltr'><strong>expediri.</strong></span> <span class='ocrx_word' id='word_1_166' title='bbox 487 2907 525 2956; x_wconf 90' lang='lat' dir='ltr'><strong>M.</strong></span> <span class='ocrx_word' id='word_1_167' title='bbox 563 2905 632 2960; x_wconf 82' lang='lat' dir='ltr'><strong>ltlrlri</strong></span> 
     </span>
     <span class='ocr_line' id='line_1_27' title="bbox 92 2973 632 3046; baseline 0.002 -21"><span class='ocrx_word' id='word_1_168' title='bbox 92 2993 161 3030; x_wconf 73' lang='lat' dir='ltr'><strong>cum</strong></span> <span class='ocrx_word' id='word_1_169' title='bbox 182 2973 281 3026; x_wconf 78' lang='lat' dir='ltr'><strong>Esusio</strong></span> <span class='ocrx_word' id='word_1_170' title='bbox 303 2975 343 3025; x_wconf 84' lang='lat' dir='ltr'><strong>ita</strong></span> <span class='ocrx_word' id='word_1_171' title='bbox 371 2974 483 3026; x_wconf 75' lang='lat' dir='ltr'><strong>videtur.</strong></span> <span class='ocrx_word' id='word_1_172' title='bbox 513 2975 545 3026; x_wconf 85' lang='lat' dir='ltr'><strong>ln</strong></span> <span class='ocrx_word' id='word_1_173' title='bbox 574 2977 632 3046; x_wconf 69' lang='lat' dir='ltr'><strong>ripn</strong></span> 
     </span>
     <span class='ocr_line' id='line_1_28' title="bbox 95 3039 632 3095; baseline 0.002 -1"><span class='ocrx_word' id='word_1_174' title='bbox 95 3041 254 3094; x_wconf 87' lang='lat' dir='ltr'><strong>Genevensi</strong></span> <span class='ocrx_word' id='word_1_175' title='bbox 289 3039 382 3093; x_wconf 87' lang='lat' dir='ltr'><strong>duetus</strong></span> <span class='ocrx_word' id='word_1_176' title='bbox 411 3043 464 3094; x_wconf 84' lang='lat' dir='ltr'><strong>suit</strong></span> <span class='ocrx_word' id='word_1_177' title='bbox 497 3062 587 3095; x_wconf 87' lang='lat' dir='ltr'><strong>murus</strong></span> <span class='ocrx_word' id='word_1_178' title='bbox 617 3061 632 3094; x_wconf 79' lang='lat' dir='ltr'><strong>a</strong></span> 
     </span>
     <span class='ocr_line' id='line_1_29' title="bbox 93 3107 633 3171; baseline 0.002 -10"><span class='ocrx_word' id='word_1_179' title='bbox 93 3108 160 3161; x_wconf 80' lang='lat' dir='ltr'><strong>lacu</strong></span> <span class='ocrx_word' id='word_1_180' title='bbox 187 3107 326 3162; x_wconf 83' lang='lat' dir='ltr'><strong>Lemanno</strong></span> <span class='ocrx_word' id='word_1_181' title='bbox 353 3107 388 3160; x_wconf 87' lang='lat' dir='ltr'><strong>ad</strong></span> <span class='ocrx_word' id='word_1_182' title='bbox 408 3109 496 3162; x_wconf 77' lang='lat' dir='ltr'><strong>lurum</strong></span> <span class='ocrx_word' id='word_1_183' title='bbox 520 3112 578 3171; x_wconf 84' lang='lat' dir='ltr'><strong>ita,</strong></span> <span class='ocrx_word' id='word_1_184' title='bbox 602 3119 633 3162; x_wconf 90' lang='lat' dir='ltr'><strong>ut</strong></span> 
     </span>
     <span class='ocr_line' id='line_1_30' title="bbox 93 3175 632 3245; baseline 0.006 -19"><span class='ocrx_word' id='word_1_185' title='bbox 93 3179 172 3244; x_wconf 85' lang='lat' dir='ltr'><strong>¹inter·</strong></span> <span class='ocrx_word' id='word_1_186' title='bbox 189 3193 296 3228; x_wconf 88' lang='lat' dir='ltr'><strong>murum</strong></span> <span class='ocrx_word' id='word_1_187' title='bbox 315 3175 357 3228; x_wconf 88' lang='lat' dir='ltr'><strong>vel</strong></span> <span class='ocrx_word' id='word_1_188' title='bbox 374 3193 491 3245; x_wconf 77' lang='lat' dir='ltr'><strong>aggerem</strong></span> <span class='ocrx_word' id='word_1_189' title='bbox 509 3187 537 3229; x_wconf 87' lang='lat' dir='ltr'><strong>et</strong></span> <span class='ocrx_word' id='word_1_190' title='bbox 552 3197 632 3231; x_wconf 91' lang='lat' dir='ltr'><strong>mon-</strong></span> 
     </span>
     <span class='ocr_line' id='line_1_31' title="bbox 92 3237 632 3314; baseline -0.004 -17"><span class='ocrx_word' id='word_1_191' title='bbox 92 3253 174 3305; x_wconf 77' lang='lat' dir='ltr'><strong>tem,</strong></span> <span class='ocrx_word' id='word_1_192' title='bbox 196 3243 230 3294; x_wconf 82' lang='lat' dir='ltr'><strong>ad</strong></span> <span class='ocrx_word' id='word_1_193' title='bbox 253 3237 329 3296; x_wconf 86' lang='lat' dir='ltr'><strong>euius</strong></span> <span class='ocrx_word' id='word_1_194' title='bbox 353 3245 432 3314; x_wconf 86' lang='lat' dir='ltr'><strong>pedes</strong></span> <span class='ocrx_word' id='word_1_195' title='bbox 456 3259 565 3314; x_wconf 76' lang='lat' dir='ltr'><strong>angusta</strong></span> <span class='ocrx_word' id='word_1_196' title='bbox 590 3250 632 3295; x_wconf 82' lang='grc' dir='ltr'><strong>νία</strong></span> 
     </span>
     <span class='ocr_line' id='line_1_32' title="bbox 91 3310 632 3373; baseline -0.004 -7"><span class='ocrx_word' id='word_1_197' title='bbox 91 3320 157 3366; x_wconf 72' lang='lat' dir='ltr'><strong>crat</strong></span> <span class='ocrx_word' id='word_1_198' title='bbox 167 3350 176 3373; x_wconf 92' lang='lat'>‚</span> <span class='ocrx_word' id='word_1_199' title='bbox 194 3310 339 3362; x_wconf 83' lang='lat' dir='ltr'><strong>Rhodanus</strong></span> <span class='ocrx_word' id='word_1_200' title='bbox 357 3310 495 3364; x_wconf 81' lang='lat' dir='ltr'><strong>deflueret.</strong></span> <span class='ocrx_word' id='word_1_201' title='bbox 523 3312 632 3365; x_wconf 72' lang='lat' dir='ltr'><strong>ustitia</strong></span> 
     </span>
     <span class='ocr_line' id='line_1_33' title="bbox 91 3377 631 3450; baseline 0 -19"><span class='ocrx_word' id='word_1_202' title='bbox 91 3379 213 3446; x_wconf 78' lang='lat' dir='ltr'><strong>omnino</strong></span> <span class='ocrx_word' id='word_1_203' title='bbox 230 3377 348 3450; x_wconf 77' lang='lat' dir='ltr'><strong>difficih&#39;s</strong></span> <span class='ocrx_word' id='word_1_204' title='bbox 366 3382 420 3440; x_wconf 83' lang='grc' dir='ltr'><strong>νὶα,</strong></span> <span class='ocrx_word' id='word_1_205' title='bbox 437 3381 513 3431; x_wconf 90' lang='lat' dir='ltr'><strong>cuius</strong></span> <span class='ocrx_word' id='word_1_206' title='bbox 529 3381 631 3432; x_wconf 85' lang='lat' dir='ltr'><strong>mentio</strong></span> 
     </span>
     <span class='ocr_line' id='line_1_34' title="bbox 90 3447 632 3517; baseline -0.004 -17"><span class='ocrx_word' id='word_1_207' title='bbox 90 3447 131 3500; x_wconf 83' lang='lat' dir='ltr'><strong>fit</strong></span> <span class='ocrx_word' id='word_1_208' title='bbox 149 3465 174 3500; x_wconf 82' lang='lat' dir='ltr'><strong>e.</strong></span> <span class='ocrx_word' id='word_1_209' title='bbox 197 3447 224 3496; x_wconf 81' lang='lat'><strong>6.</strong></span> <span class='ocrx_word' id='word_1_210' title='bbox 240 3465 292 3515; x_wconf 86' lang='lat' dir='ltr'><strong>qua</strong></span> <span class='ocrx_word' id='word_1_211' title='bbox 314 3450 359 3496; x_wconf 79' lang='lat' dir='ltr'><strong>vix</strong></span> <span class='ocrx_word' id='word_1_212' title='bbox 375 3447 471 3517; x_wconf 74' lang='lat' dir='ltr'><strong>singuli</strong></span> <span class='ocrx_word' id='word_1_213' title='bbox 493 3451 564 3498; x_wconf 83' lang='lat' dir='ltr'><strong>carri</strong></span> <span class='ocrx_word' id='word_1_214' title='bbox 585 3447 632 3498; x_wconf 87' lang='lat' dir='ltr'><strong>du·</strong></span> 
     </span>
     <span class='ocr_line' id='line_1_35' title="bbox 87 3513 631 3584; baseline 0.002 -17"><span class='ocrx_word' id='word_1_215' title='bbox 87 3527 239 3580; x_wconf 80' lang='lat' dir='ltr'><strong>ecrentur,</strong></span> <span class='ocrx_word' id='word_1_216' title='bbox 278 3531 331 3584; x_wconf 89' lang='lat' dir='ltr'><strong>quo</strong></span> <span class='ocrx_word' id='word_1_217' title='bbox 367 3513 408 3566; x_wconf 82' lang='lat' dir='ltr'><strong>vel</strong></span> <span class='ocrx_word' id='word_1_218' title='bbox 441 3513 493 3567; x_wconf 82' lang='lat' dir='ltr'><strong>vici</strong></span> <span class='ocrx_word' id='word_1_219' title='bbox 532 3531 631 3575; x_wconf 84' lang='lat' dir='ltr'><strong>nomen</strong></span> 
     </span>
     <span class='ocr_line' id='line_1_36' title="bbox 88 3580 630 3643; baseline 0.002 -11"><span class='ocrx_word' id='word_1_220' title='bbox 88 3583 221 3641; x_wconf 73' lang='lat' dir='ltr'><strong>clausus,</strong></span> <span class='ocrx_word' id='word_1_221' title='bbox 258 3581 285 3630; x_wconf 87' lang='lat' dir='ltr'><strong>lu</strong></span> <span class='ocrx_word' id='word_1_222' title='bbox 314 3581 391 3633; x_wconf 78' lang='lat' dir='ltr'><strong>Chne</strong></span> <span class='ocrx_word' id='word_1_223' title='bbox 427 3580 505 3634; x_wconf 75' lang='lat' dir='ltr'><strong>liudis</strong></span> <span class='ocrx_word' id='word_1_224' title='bbox 545 3581 630 3643; x_wconf 85' lang='lat' dir='ltr'><strong>dicti,</strong></span> 
     </span>
     <span class='ocr_line' id='line_1_37' title="bbox 87 3647 631 3710; baseline -0.002 -7"><span class='ocrx_word' id='word_1_225' title='bbox 87 3651 164 3704; x_wconf 83' lang='lat' dir='ltr'><strong>satis</strong></span> <span class='ocrx_word' id='word_1_226' title='bbox 188 3647 300 3702; x_wconf 78' lang='lat' dir='ltr'><strong>iudicat.</strong></span> <span class='ocrx_word' id='word_1_227' title='bbox 329 3649 368 3701; x_wconf 78' lang='lat' dir='ltr'><strong>lta</strong></span> <span class='ocrx_word' id='word_1_228' title='bbox 388 3669 419 3700; x_wconf 91' lang='lat' dir='ltr'><strong>ne</strong></span> <span class='ocrx_word' id='word_1_229' title='bbox 445 3667 500 3710; x_wconf 79' lang='lat' dir='ltr'><strong>non</strong></span> <span class='ocrx_word' id='word_1_230' title='bbox 526 3667 631 3702; x_wconf 83' lang='lat' dir='ltr'><strong>necesse</strong></span> 
     </span>
     <span class='ocr_line' id='line_1_38' title="bbox 88 3668 631 3796; baseline 0 -27"><span class='ocrx_word' id='word_1_231' title='bbox 88 3726 139 3770; x_wconf 84' lang='lat' dir='ltr'><strong>est</strong></span> <span class='ocrx_word' id='word_1_232' title='bbox 156 3725 188 3767; x_wconf 91' lang='lat' dir='ltr'><strong>ut</strong></span> <span class='ocrx_word' id='word_1_233' title='bbox 204 3735 228 3767; x_wconf 88' lang='lat' dir='ltr'><strong>c.</strong></span> <span class='ocrx_word' id='word_1_234' title='bbox 246 3718 270 3766; x_wconf 79' lang='lat'><strong>6.</strong></span> <span class='ocrx_word' id='word_1_235' title='bbox 293 3735 343 3796; x_wconf 85' lang='lat' dir='ltr'><strong>pro</strong></span> <span class='ocrx_word' id='word_1_236' title='bbox 368 3668 497 3767; x_wconf 67' lang='lat' dir='ltr'><strong>dunctano</strong></span> <span class='ocrx_word' id='word_1_237' title='bbox 516 3726 631 3786; x_wconf 80' lang='lat' dir='ltr'><strong>ponetur</strong></span> 
     </span>
     <span class='ocr_line' id='line_1_39' title="bbox 86 3783 631 3854; baseline 0.006 -21"><span class='ocrx_word' id='word_1_238' title='bbox 86 3783 226 3842; x_wconf 57' lang='lat' dir='ltr'><strong>Blaesus,</strong></span> <span class='ocrx_word' id='word_1_239' title='bbox 253 3802 301 3853; x_wconf 79' lang='lat' dir='ltr'><strong>qur</strong></span> <span class='ocrx_word' id='word_1_240' title='bbox 328 3783 362 3836; x_wconf 83' lang='lat' dir='ltr'><strong>ad</strong></span> <span class='ocrx_word' id='word_1_241' title='bbox 386 3783 474 3835; x_wconf 86' lang='lat' dir='ltr'><strong>Iuram</strong></span> <span class='ocrx_word' id='word_1_242' title='bbox 500 3801 631 3854; x_wconf 79' lang='lat' dir='ltr'><strong>nusquorp</strong></span> 
     </span>
     <span class='ocr_line' id='line_1_40' title="bbox 86 3851 631 3922; baseline 0 -20"><span class='ocrx_word' id='word_1_243' title='bbox 86 3853 239 3922; x_wconf 82' lang='lat' dir='ltr'><strong>pertinet,</strong></span> <span class='ocrx_word' id='word_1_244' title='bbox 264 3869 351 3920; x_wconf 89' lang='lat' dir='ltr'><strong>neque</strong></span> <span class='ocrx_word' id='word_1_245' title='bbox 371 3859 412 3903; x_wconf 86' lang='lat' dir='ltr'><strong>est</strong></span> <span class='ocrx_word' id='word_1_246' title='bbox 433 3871 536 3904; x_wconf 81' lang='lat' dir='ltr'><strong>caussae</strong></span> <span class='ocrx_word' id='word_1_247' title='bbox 555 3851 631 3922; x_wconf 89' lang='lat' dir='ltr'><strong>qnid-</strong></span> 
     </span>
     <span class='ocr_line' id='line_1_41' title="bbox 86 3917 631 3989; baseline 0.002 -20"><span class='ocrx_word' id='word_1_248' title='bbox 86 3937 201 3989; x_wconf 78' lang='lat' dir='ltr'><strong>qusm,</strong></span> <span class='ocrx_word' id='word_1_249' title='bbox 236 3927 265 3969; x_wconf 91' lang='lat' dir='ltr'><strong>ut</strong></span> <span class='ocrx_word' id='word_1_250' title='bbox 292 3920 322 3970; x_wconf 90' lang='lat' dir='ltr'><strong>in</strong></span> <span class='ocrx_word' id='word_1_251' title='bbox 351 3917 402 3971; x_wconf 87' lang='lat' dir='ltr'><strong>hoc</strong></span> <span class='ocrx_word' id='word_1_252' title='bbox 427 3937 484 3988; x_wconf 83' lang='lat' dir='ltr'><strong>cap.</strong></span> <span class='ocrx_word' id='word_1_253' title='bbox 514 3917 631 3972; x_wconf 83' lang='lat' dir='ltr'><strong>deleatur</strong></span> 
     </span>
     <span class='ocr_line' id='line_1_42' title="bbox 85 3986 630 4047; baseline 0 -9"><span class='ocrx_word' id='word_1_254' title='bbox 85 4005 151 4038; x_wconf 76' lang='lat' dir='ltr'><strong>vor</strong></span> <span class='ocrx_word' id='word_1_255' title='bbox 180 3986 266 4047; x_wconf 83' lang='lat' dir='ltr'><strong>Iura,</strong></span> <span class='ocrx_word' id='word_1_256' title='bbox 295 4003 326 4038; x_wconf 87' lang='lat' dir='ltr'><strong>eo</strong></span> <span class='ocrx_word' id='word_1_257' title='bbox 356 3987 429 4038; x_wconf 86' lang='lat' dir='ltr'><strong>enim</strong></span> <span class='ocrx_word' id='word_1_258' title='bbox 457 3989 565 4039; x_wconf 87' lang='lat' dir='ltr'><strong>nomine</strong></span> <span class='ocrx_word' id='word_1_259' title='bbox 592 3987 630 4039; x_wconf 87' lang='lat' dir='ltr'><strong>eis</strong></span> 
     </span>
    </p>
   </div>
   <div class='ocr_carea' id='block_1_5' title="bbox 8 4052 630 4124">
    <p class='ocr_par' dir='ltr' id='par_1_5' title="bbox 8 4052 630 4124">
     <span class='ocr_line' id='line_1_43' title="bbox 8 4052 630 4124; baseline -0.003 -18"><span class='ocrx_word' id='word_1_260' title='bbox 8 4069 9 4084; x_wconf 65' lang='lat'>¹</span> <span class='ocrx_word' id='word_1_261' title='bbox 85 4052 260 4121; x_wconf 69' lang='lat' dir='ltr'><strong>Rhodanum</strong></span> <span class='ocrx_word' id='word_1_262' title='bbox 296 4071 401 4124; x_wconf 87' lang='lat' dir='ltr'><strong>quoque</strong></span> <span class='ocrx_word' id='word_1_263' title='bbox 435 4073 511 4106; x_wconf 88' lang='lat' dir='ltr'><strong>mons</strong></span> <span class='ocrx_word' id='word_1_264' title='bbox 543 4056 630 4106; x_wconf 83' lang='lat' dir='ltr'><strong>vocsri</strong></span> 
     </span>
    </p>
   </div>
   <div class='ocr_carea' id='block_1_6' title="bbox 82 4119 630 4328">
    <p class='ocr_par' dir='ltr' id='par_1_6' title="bbox 82 4119 630 4328">
     <span class='ocr_line' id='line_1_44' title="bbox 116 4119 630 4178; baseline 0.002 -6"><span class='ocrx_word' id='word_1_265' title='bbox 116 4123 209 4178; x_wconf 77' lang='lat' dir='ltr'><strong>oluit,</strong></span> <span class='ocrx_word' id='word_1_266' title='bbox 240 4119 352 4172; x_wconf 86' lang='lat' dir='ltr'><strong>flumine</strong></span> <span class='ocrx_word' id='word_1_267' title='bbox 380 4121 487 4174; x_wconf 84' lang='lat' dir='ltr'><strong>divisus.</strong></span> <span class='ocrx_word' id='word_1_268' title='bbox 527 4123 556 4175; x_wconf 81' lang='lat' dir='ltr'><strong>si</strong></span> <span class='ocrx_word' id='word_1_269' title='bbox 586 4123 630 4174; x_wconf 89' lang='lat' dir='ltr'><strong>cui</strong></span> 
     </span>
     <span class='ocr_line' id='line_1_45' title="bbox 85 4141 630 4272; baseline 0.002 -33"><span class='ocrx_word' id='word_1_270' title='bbox 85 4141 165 4268; x_wconf 58' lang='lat' dir='ltr'><strong>llaec</strong></span> <span class='ocrx_word' id='word_1_271' title='bbox 187 4205 242 4238; x_wconf 85' lang='lat' dir='ltr'><strong>non</strong></span> <span class='ocrx_word' id='word_1_272' title='bbox 266 4187 389 4272; x_wconf 84' lang='lat' dir='ltr'><strong>placent,</strong></span> <span class='ocrx_word' id='word_1_273' title='bbox 411 4207 470 4242; x_wconf 85' lang='lat' dir='ltr'><strong>mea</strong></span> <span class='ocrx_word' id='word_1_274' title='bbox 489 4207 550 4261; x_wconf 83' lang='lat' dir='ltr'><strong>paee</strong></span> <span class='ocrx_word' id='word_1_275' title='bbox 567 4207 630 4242; x_wconf 87' lang='lat' dir='ltr'><strong>oon·</strong></span> 
     </span>
     <span class='ocr_line' id='line_1_46' title="bbox 82 4254 427 4328; baseline -0.003 -19"><span class='ocrx_word' id='word_1_276' title='bbox 82 4257 193 4313; x_wconf 79' lang='lat' dir='ltr'><strong>srhum</strong></span> <span class='ocrx_word' id='word_1_277' title='bbox 209 4254 279 4308; x_wconf 76' lang='lat' dir='ltr'><strong>Mors</strong></span> <span class='ocrx_word' id='word_1_278' title='bbox 296 4265 427 4328; x_wconf 67' lang='lat' dir='ltr'><strong>seqentur.</strong></span> 
     </span>
    </p>
   </div>
   <div class='ocr_carea' id='block_1_7' title="bbox 82 4392 630 4592">
    <p class='ocr_par' dir='ltr' id='par_1_7' title="bbox 82 4392 630 4592">
     <span class='ocr_line' id='line_1_47' title="bbox 131 4392 629 4454; baseline 0.014 -11"><span class='ocrx_word' id='word_1_279' title='bbox 131 4392 217 4444; x_wconf 86' lang='lat' dir='ltr'><strong>deoem</strong></span> <span class='ocrx_word' id='word_1_280' title='bbox 246 4411 345 4444; x_wconf 84' lang='lat' dir='ltr'><strong>novem.</strong></span> <span class='ocrx_word' id='word_1_281' title='bbox 377 4393 467 4454; x_wconf 74' lang='lat' dir='ltr'><strong>Nimia</strong></span> <span class='ocrx_word' id='word_1_282' title='bbox 496 4404 537 4448; x_wconf 87' lang='lat' dir='ltr'><strong>est</strong></span> <span class='ocrx_word' id='word_1_283' title='bbox 564 4396 629 4450; x_wconf 83' lang='lat' dir='ltr'><strong>haec</strong></span> 
     </span>
     <span class='ocr_line' id='line_1_48' title="bbox 82 4459 630 4530; baseline 0.009 -21"><span class='ocrx_word' id='word_1_284' title='bbox 82 4461 165 4515; x_wconf 83' lang='lat' dir='ltr'><strong>muri</strong></span> <span class='ocrx_word' id='word_1_285' title='bbox 187 4459 332 4528; x_wconf 80' lang='lat' dir='ltr'><strong>longitudo.</strong></span> <span class='ocrx_word' id='word_1_286' title='bbox 354 4459 421 4530; x_wconf 80' lang='lat' dir='ltr'><strong>Ergo</strong></span> <span class='ocrx_word' id='word_1_287' title='bbox 440 4471 506 4514; x_wconf 86' lang='lat' dir='ltr'><strong>rectu</strong></span> <span class='ocrx_word' id='word_1_288' title='bbox 526 4468 630 4514; x_wconf 86' lang='lat' dir='ltr'><strong>monuit</strong></span> 
     </span>
     <span class='ocr_line' id='line_1_49' title="bbox 83 4529 629 4592; baseline -0.011 -6"><span class='ocrx_word' id='word_1_289' title='bbox 83 4529 230 4591; x_wconf 71' lang='lat' dir='ltr'><strong>Vossius,</strong></span> <span class='ocrx_word' id='word_1_290' title='bbox 259 4537 308 4580; x_wconf 80' lang='lat' dir='ltr'><strong>sut</strong></span> <span class='ocrx_word' id='word_1_291' title='bbox 334 4531 437 4592; x_wconf 76' lang='lat' dir='ltr'><strong>desem,</strong></span> <span class='ocrx_word' id='word_1_292' title='bbox 466 4539 511 4585; x_wconf 81' lang='lat' dir='ltr'><strong>sut</strong></span> <span class='ocrx_word' id='word_1_293' title='bbox 538 4547 629 4584; x_wconf 60' lang='lat' dir='ltr'><strong>nortem</strong></span> 
     </span>
    </p>
   </div>
   <div class='ocr_carea' id='block_1_8' title="bbox 698 2029 1233 2574">
    <p class='ocr_par' dir='ltr' id='par_1_8' title="bbox 698 2029 1233 2498">
     <span class='ocr_line' id='line_1_50' title="bbox 699 2029 1232 2100; baseline 0.017 -16"><span class='ocrx_word' id='word_1_294' title='bbox 699 2029 841 2100; x_wconf 80' lang='lat' dir='ltr'><strong>legendum</strong></span> <span class='ocrx_word' id='word_1_295' title='bbox 869 2049 945 2098; x_wconf 84' lang='lat' dir='ltr'><strong>esse,</strong></span> <span class='ocrx_word' id='word_1_296' title='bbox 971 2051 1028 2085; x_wconf 88' lang='lat' dir='ltr'><strong>-non</strong></span> <span class='ocrx_word' id='word_1_297' title='bbox 1055 2035 1232 2092; x_wconf 70' lang='lat' dir='ltr'><strong>coniunctum</strong></span> 
     </span>
     <span class='ocr_line' id='line_1_51' title="bbox 698 2099 1231 2160; baseline 0.021 -10"><span class='ocrx_word' id='word_1_298' title='bbox 698 2099 785 2150; x_wconf 82' lang='lat' dir='ltr'><strong>decem</strong></span> <span class='ocrx_word' id='word_1_299' title='bbox 807 2117 905 2150; x_wconf 74' lang='lat' dir='ltr'><strong>nwem.</strong></span> <span class='ocrx_word' id='word_1_300' title='bbox 931 2099 1056 2153; x_wconf 82' lang='lat' dir='ltr'><strong>Probavit</strong></span> <span class='ocrx_word' id='word_1_301' title='bbox 1081 2102 1149 2157; x_wconf 71' lang='lat' dir='ltr'><strong>lianc</strong></span> <span class='ocrx_word' id='word_1_302' title='bbox 1170 2123 1231 2160; x_wconf 86' lang='lat' dir='ltr'><strong>sea-</strong></span> 
     </span>
     <span class='ocr_line' id='line_1_52' title="bbox 700 2165 1231 2242; baseline 0.021 -26"><span class='ocrx_word' id='word_1_303' title='bbox 700 2167 813 2218; x_wconf 80' lang='lat' dir='ltr'><strong>tentiam</strong></span> <span class='ocrx_word' id='word_1_304' title='bbox 830 2165 973 2228; x_wconf 73' lang='lat' dir='ltr'><strong>Cellense,</strong></span> <span class='ocrx_word' id='word_1_305' title='bbox 1001 2168 1126 2242; x_wconf 86' lang='lat' dir='ltr'><strong>idemque</strong></span> <span class='ocrx_word' id='word_1_306' title='bbox 1143 2173 1231 2226; x_wconf 72' lang='lat' dir='ltr'><strong>rison</strong></span> 
     </span>
     <span class='ocr_line' id='line_1_53' title="bbox 700 2233 1233 2306; baseline 0.013 -22"><span class='ocrx_word' id='word_1_307' title='bbox 700 2250 756 2285; x_wconf 88' lang='lat' dir='ltr'><strong>esse</strong></span> <span class='ocrx_word' id='word_1_308' title='bbox 779 2233 900 2285; x_wconf 88' lang='lat' dir='ltr'><strong>Cluverio</strong></span> <span class='ocrx_word' id='word_1_309' title='bbox 925 2235 1038 2298; x_wconf 87' lang='lat' dir='ltr'><strong>(Germ.</strong></span> <span class='ocrx_word' id='word_1_310' title='bbox 1064 2247 1119 2288; x_wconf 80' lang='lat' dir='ltr'><strong>ant.</strong></span> <span class='ocrx_word' id='word_1_311' title='bbox 1139 2257 1173 2300; x_wconf 79' lang='lat' dir='ltr'><strong>a,</strong></span> <span class='ocrx_word' id='word_1_312' title='bbox 1194 2245 1233 2306; x_wconf 79' lang='grc'><strong>4)</strong></span> 
     </span>
     <span class='ocr_line' id='line_1_54' title="bbox 700 2301 1233 2370; baseline 0.017 -18"><span class='ocrx_word' id='word_1_313' title='bbox 700 2301 827 2354; x_wconf 75' lang='lat' dir='ltr'><strong>ostendit.</strong></span> <span class='ocrx_word' id='word_1_314' title='bbox 844 2301 971 2354; x_wconf 73' lang='lat' dir='ltr'><strong>probavit</strong></span> <span class='ocrx_word' id='word_1_315' title='bbox 988 2305 1069 2358; x_wconf 77' lang='lat' dir='ltr'><strong>etism</strong></span> <span class='ocrx_word' id='word_1_316' title='bbox 1087 2305 1213 2360; x_wconf 84' lang='lat' dir='ltr'><strong>Davisius</strong></span> <span class='ocrx_word' id='word_1_317' title='bbox 1222 2346 1233 2370; x_wconf 86' lang='lat'><em>,</em></span> 
     </span>
     <span class='ocr_line' id='line_1_55' title="bbox 721 2369 1232 2442; baseline 0.016 -22"><span class='ocrx_word' id='word_1_318' title='bbox 721 2369 764 2420; x_wconf 85' lang='lat' dir='ltr'><strong>uia</strong></span> <span class='ocrx_word' id='word_1_319' title='bbox 793 2370 823 2420; x_wconf 88' lang='lat' dir='ltr'><strong>iu</strong></span> <span class='ocrx_word' id='word_1_320' title='bbox 859 2369 929 2422; x_wconf 88' lang='lat' dir='ltr'><strong>lulio</strong></span> <span class='ocrx_word' id='word_1_321' title='bbox 963 2370 1041 2424; x_wconf 83' lang='lat' dir='ltr'><strong>Celso</strong></span> <span class='ocrx_word' id='word_1_322' title='bbox 1070 2389 1097 2442; x_wconf 84' lang='lat' dir='ltr'><strong>p.</strong></span> <span class='ocrx_word' id='word_1_323' title='bbox 1127 2391 1157 2424; x_wconf 69' lang='grc' dir='ltr'><strong>αι</strong></span> <span class='ocrx_word' id='word_1_324' title='bbox 1189 2385 1232 2430; x_wconf 79' lang='lat' dir='ltr'><strong>eet</strong></span> 
     </span>
     <span class='ocr_line' id='line_1_56' title="bbox 795 2435 1232 2498; baseline 0.023 -11"><span class='ocrx_word' id='word_1_325' title='bbox 795 2474 803 2498; x_wconf 90' lang='lat'>,</span> <span class='ocrx_word' id='word_1_326' title='bbox 824 2436 881 2488; x_wconf 88' lang='lat' dir='ltr'><strong>sine</strong></span> <span class='ocrx_word' id='word_1_327' title='bbox 906 2435 953 2490; x_wconf 92' lang='lat' dir='ltr'><strong>illo</strong></span> <span class='ocrx_word' id='word_1_328' title='bbox 978 2457 1077 2490; x_wconf 87' lang='lat' dir='ltr'><strong>novem.</strong></span> <span class='ocrx_word' id='word_1_329' title='bbox 1101 2440 1145 2492; x_wconf 89' lang='lat' dir='ltr'><strong>M.</strong></span> <span class='ocrx_word' id='word_1_330' title='bbox 1176 2443 1232 2496; x_wconf 71' lang='lat' dir='ltr'><strong>tior.</strong></span> 
     </span>
    </p>

    <p class='ocr_par' dir='ltr' id='par_1_9' title="bbox 700 2503 927 2574">
     <span class='ocr_line' id='line_1_57' title="bbox 700 2503 927 2574; baseline 0.013 -19"><span class='ocrx_word' id='word_1_331' title='bbox 700 2523 760 2574; x_wconf 82' lang='lat' dir='ltr'><strong>ergo</strong></span> <span class='ocrx_word' id='word_1_332' title='bbox 776 2503 927 2572; x_wconf 82' lang='lat' dir='ltr'><strong>delendum.</strong></span> 
     </span>
    </p>
   </div>
   <div class='ocr_carea' id='block_1_9' title="bbox 730 2597 1230 2678">
    <p class='ocr_par' dir='ltr' id='par_1_10' title="bbox 730 2597 1230 2678">
     <span class='ocr_line' id='line_1_58' title="bbox 730 2597 1230 2678; baseline 0.022 -30"><span class='ocrx_word' id='word_1_333' title='bbox 730 2597 870 2668; x_wconf 73' lang='lat' dir='ltr'><strong>prodidere</strong></span> <span class='ocrx_word' id='word_1_334' title='bbox 896 2605 989 2668; x_wconf 80' lang='lat' dir='ltr'><strong>possit.</strong></span> <span class='ocrx_word' id='word_1_335' title='bbox 1025 2601 1111 2678; x_wconf 83' lang='lat' dir='ltr'><strong>Vulgo</strong></span> <span class='ocrx_word' id='word_1_336' title='bbox 1139 2614 1230 2659; x_wconf 76' lang='lat' dir='ltr'><strong>contra</strong></span> 
     </span>
    </p>
   </div>
   <div class='ocr_carea' id='block_1_10' title="bbox 699 2664 1256 2785">
    <p class='ocr_par' dir='ltr' id='par_1_11' title="bbox 699 2664 1256 2785">
     <span class='ocr_line' id='line_1_59' title="bbox 699 2664 1256 2785; baseline 0.018 -69"><span class='ocrx_word' id='word_1_337' title='bbox 699 2664 776 2785; x_wconf 60' lang='lat' dir='ltr'><strong>qqdd,</strong></span> <span class='ocrx_word' id='word_1_338' title='bbox 817 2665 910 2738; x_wconf 78' lang='lat' dir='ltr'><strong>legitur</strong></span> <span class='ocrx_word' id='word_1_339' title='bbox 942 2669 1077 2739; x_wconf 76' lang='lat' dir='ltr'><strong>prohiberi</strong></span> <span class='ocrx_word' id='word_1_340' title='bbox 1114 2687 1256 2741; x_wconf 62' lang='lat' dir='ltr'><strong>possem·</strong></span> 
     </span>
    </p>
   </div>
   <div class='ocr_carea' id='block_1_11' title="bbox 700 2829 1230 3022">
    <p class='ocr_par' dir='ltr' id='par_1_12' title="bbox 700 2829 1230 3022">
     <span class='ocr_line' id='line_1_60' title="bbox 733 2829 1230 2900; baseline 0.018 -21"><span class='ocrx_word' id='word_1_341' title='bbox 733 2847 806 2880; x_wconf 87' lang='lat' dir='ltr'><strong>more</strong></span> <span class='ocrx_word' id='word_1_342' title='bbox 830 2841 856 2880; x_wconf 81' lang='lat' dir='ltr'><strong>et</strong></span> <span class='ocrx_word' id='word_1_343' title='bbox 877 2832 1004 2900; x_wconf 77' lang='lat' dir='ltr'><strong>exemplo.</strong></span> <span class='ocrx_word' id='word_1_344' title='bbox 1026 2829 1069 2887; x_wconf 68' lang='lat' dir='ltr'><strong>‘sie</strong></span> <span class='ocrx_word' id='word_1_345' title='bbox 1092 2833 1176 2889; x_wconf 80' lang='lat' dir='ltr'><strong>Tacit.</strong></span> <span class='ocrx_word' id='word_1_346' title='bbox 1195 2836 1230 2888; x_wconf 84' lang='grc' dir='ltr'><strong>Η.</strong></span> 
     </span>
     <span class='ocr_line' id='line_1_61' title="bbox 700 2895 1229 3022; baseline 0.011 -74"><span class='ocrx_word' id='word_1_347' title='bbox 700 2895 733 2958; x_wconf 86' lang='grc' dir='ltr'><strong>Ι,</strong></span> <span class='ocrx_word' id='word_1_348' title='bbox 766 2903 803 2950; x_wconf 84' lang='lat'><strong>18.</strong></span> <span class='ocrx_word' id='word_1_349' title='bbox 821 2916 894 2950; x_wconf 89' lang='lat' dir='ltr'><strong>more</strong></span> <span class='ocrx_word' id='word_1_350' title='bbox 914 2899 949 2950; x_wconf 86' lang='lat' dir='ltr'><strong>D.</strong></span> <span class='ocrx_word' id='word_1_351' title='bbox 972 2901 1082 3022; x_wconf 59' lang='lat' dir='ltr'><strong>diffini</strong></span> <span class='ocrx_word' id='word_1_352' title='bbox 1099 2915 1124 2954; x_wconf 85' lang='lat' dir='ltr'><strong>et</strong></span> <span class='ocrx_word' id='word_1_353' title='bbox 1140 2921 1229 2954; x_wconf 78' lang='lat' dir='ltr'><strong>exem-</strong></span> 
     </span>
    </p>
   </div>
   <div class='ocr_carea' id='block_1_12' title="bbox 697 2964 1230 3088">
    <p class='ocr_par' dir='ltr' id='par_1_13' title="bbox 697 2964 1230 3088">
     <span class='ocr_line' id='line_1_62' title="bbox 697 2964 1230 3084; baseline 0.021 -71"><span class='ocrx_word' id='word_1_354' title='bbox 697 2964 743 3084; x_wconf 79' lang='lat' dir='ltr'><strong>plo</strong></span> <span class='ocrx_word' id='word_1_355' title='bbox 765 2966 885 3048; x_wconf 64' lang='lat' dir='ltr'><strong>militari.</strong></span> <span class='ocrx_word' id='word_1_356' title='bbox 901 2966 979 3050; x_wconf 30' lang='lat' dir='ltr'><strong>&#39;Male</strong></span> <span class='ocrx_word' id='word_1_357' title='bbox 1028 2977 1110 3036; x_wconf 67' lang='lat' dir='ltr'><strong>otum,</strong></span> <span class='ocrx_word' id='word_1_358' title='bbox 1138 2981 1230 3024; x_wconf 83' lang='lat' dir='ltr'><strong>nostro</strong></span> 
     </span>
     <span class='ocr_line' id='line_1_63' title="bbox 711 3033 974 3088; baseline 0.011 -4"><span class='ocrx_word' id='word_1_359' title='bbox 711 3051 758 3086; x_wconf 86' lang='lat' dir='ltr'><strong>ocu</strong></span> <span class='ocrx_word' id='word_1_360' title='bbox 776 3033 852 3086; x_wconf 78' lang='lat' dir='ltr'><strong>addn</strong></span> <span class='ocrx_word' id='word_1_361' title='bbox 868 3055 974 3088; x_wconf 83' lang='lat' dir='ltr'><strong>mrussu.</strong></span> 
     </span>
    </p>
   </div>
   <div class='ocr_carea' id='block_1_13' title="bbox 715 3142 1230 3212">
    <p class='ocr_par' dir='ltr' id='par_1_14' title="bbox 715 3142 1230 3212">
     <span class='ocr_line' id='line_1_64' title="bbox 715 3142 1230 3212; baseline 0.023 -22"><span class='ocrx_word' id='word_1_362' title='bbox 715 3142 853 3208; x_wconf 52' lang='lat' dir='ltr'><strong>ostendit.</strong></span> <span class='ocrx_word' id='word_1_363' title='bbox 882 3143 1047 3212; x_wconf 75' lang='lat' dir='ltr'><strong>significarit.</strong></span> <span class='ocrx_word' id='word_1_364' title='bbox 1076 3145 1121 3200; x_wconf 81' lang='lat' dir='ltr'><strong>sie</strong></span> <span class='ocrx_word' id='word_1_365' title='bbox 1150 3155 1178 3199; x_wconf 90' lang='lat' dir='ltr'><strong>et</strong></span> <span class='ocrx_word' id='word_1_366' title='bbox 1205 3167 1230 3202; x_wconf 79' lang='lat' dir='ltr'><strong>c.</strong></span> 
     </span>
    </p>
   </div>
   <div class='ocr_carea' id='block_1_14' title="bbox 703 3209 1330 3280">
    <p class='ocr_par' dir='ltr' id='par_1_15' title="bbox 703 3209 1330 3280">
     <span class='ocr_line' id='line_1_65' title="bbox 703 3209 1330 3280; baseline 0.024 -24"><span class='ocrx_word' id='word_1_367' title='bbox 703 3209 825 3273; x_wconf 81' lang='lat' dir='ltr'><strong>19etC.</strong></span> <span class='ocrx_word' id='word_1_368' title='bbox 847 3213 882 3271; x_wconf 77' lang='lat' dir='ltr'><strong>r,&#39;</strong></span> <span class='ocrx_word' id='word_1_369' title='bbox 909 3216 933 3272; x_wconf 80' lang='lat'><strong>6.</strong></span> <span class='ocrx_word' id='word_1_370' title='bbox 951 3209 1016 3272; x_wconf 79' lang='lat' dir='ltr'><strong>iteni</strong></span> <span class='ocrx_word' id='word_1_371' title='bbox 1036 3213 1143 3280; x_wconf 72' lang='lat' dir='ltr'><strong>Terent.</strong></span> <span class='ocrx_word' id='word_1_372' title='bbox 1161 3215 1229 3268; x_wconf 84' lang='lat' dir='ltr'><strong>Eun.</strong></span> <span class='ocrx_word' id='word_1_373' title='bbox 1327 3257 1330 3264; x_wconf 33' lang='grc' dir='ltr'><strong><em>ι</em></strong></span> 
     </span>
    </p>
   </div>
   <div class='ocr_carea' id='block_1_15' title="bbox 700 3280 850 3346">
    <p class='ocr_par' dir='ltr' id='par_1_16' title="bbox 700 3280 850 3346">
     <span class='ocr_line' id='line_1_66' title="bbox 700 3280 850 3346; baseline 0.033 -22"><span class='ocrx_word' id='word_1_374' title='bbox 700 3280 850 3346; x_wconf 80' lang='lat'><strong>5,9,59.</strong></span> 
     </span>
    </p>
   </div>
   <div class='ocr_carea' id='block_1_16' title="bbox 699 3370 1228 3511">
    <p class='ocr_par' dir='ltr' id='par_1_17' title="bbox 699 3370 1228 3511">
     <span class='ocr_line' id='line_1_67' title="bbox 733 3370 1227 3442; baseline 0.018 -23"><span class='ocrx_word' id='word_1_375' title='bbox 733 3370 837 3422; x_wconf 79' lang='lat' dir='ltr'><strong>navibus</strong></span> <span class='ocrx_word' id='word_1_376' title='bbox 868 3371 1030 3442; x_wconf 77' lang='lat' dir='ltr'><strong>ratibusque,</strong></span> <span class='ocrx_word' id='word_1_377' title='bbox 1070 3373 1118 3426; x_wconf 77' lang='lat' dir='ltr'><strong>alit</strong></span> <span class='ocrx_word' id='word_1_378' title='bbox 1146 3377 1227 3428; x_wconf 82' lang='lat' dir='ltr'><strong>vadis.</strong></span> 
     </span>
     <span class='ocr_line' id='line_1_68' title="bbox 699 3436 1228 3511; baseline 0.009 -20"><span class='ocrx_word' id='word_1_379' title='bbox 699 3436 744 3491; x_wconf 80' lang='lat' dir='ltr'><strong>sie</strong></span> <span class='ocrx_word' id='word_1_380' title='bbox 761 3437 853 3490; x_wconf 82' lang='lat' dir='ltr'><strong>Daris.</strong></span> <span class='ocrx_word' id='word_1_381' title='bbox 871 3449 898 3491; x_wconf 91' lang='lat' dir='ltr'><strong>et</strong></span> <span class='ocrx_word' id='word_1_382' title='bbox 927 3437 1101 3511; x_wconf 87' lang='lat' dir='ltr'><strong>Oudendorp.</strong></span> <span class='ocrx_word' id='word_1_383' title='bbox 1119 3461 1133 3493; x_wconf 93' lang='lat' dir='ltr'><strong>e</strong></span> <span class='ocrx_word' id='word_1_384' title='bbox 1149 3443 1228 3496; x_wconf 88' lang='lat' dir='ltr'><strong>codd.</strong></span> 
     </span>
    </p>
   </div>
   <div class='ocr_carea' id='block_1_17' title="bbox 670 3504 1229 3626">
    <p class='ocr_par' dir='ltr' id='par_1_18' title="bbox 670 3504 1229 3626">
     <span class='ocr_line' id='line_1_69' title="bbox 670 3504 1229 3626; baseline 0.009 -69"><span class='ocrx_word' id='word_1_385' title='bbox 670 3537 672 3546; x_wconf 57' lang='grc' dir='ltr'>ι</span> <span class='ocrx_word' id='word_1_386' title='bbox 699 3504 752 3558; x_wconf 86' lang='lat' dir='ltr'><strong>Sed</strong></span> <span class='ocrx_word' id='word_1_387' title='bbox 769 3505 829 3558; x_wconf 87' lang='lat' dir='ltr'><strong>edd.</strong></span> <span class='ocrx_word' id='word_1_388' title='bbox 847 3507 933 3626; x_wconf 64' lang='lat' dir='ltr'><strong>rnlqg.</strong></span> <span class='ocrx_word' id='word_1_389' title='bbox 951 3519 1013 3578; x_wconf 88' lang='lat' dir='ltr'><strong>post</strong></span> <span class='ocrx_word' id='word_1_390' title='bbox 1028 3509 1229 3563; x_wconf 81' lang='lat' dir='ltr'><strong>Hotomannum</strong></span> 
     </span>
    </p>
   </div>
   <div class='ocr_carea' id='block_1_18' title="bbox 697 3575 1271 4174">
    <p class='ocr_par' dir='ltr' id='par_1_19' title="bbox 697 3575 1271 4174">
     <span class='ocr_line' id='line_1_70' title="bbox 698 3575 1230 3694; baseline 0.006 -68"><span class='ocrx_word' id='word_1_391' title='bbox 698 3575 1137 3694; x_wconf 50' lang='lat' dir='ltr'><strong>{ffimmnlpexlllbms&#39;pwlllm</strong></span> <span class='ocrx_word' id='word_1_392' title='bbox 1160 3583 1230 3657; x_wconf 63' lang='lat' dir='ltr'><strong>rafi-</strong></span> 
     </span>
     <span class='ocr_line' id='line_1_71' title="bbox 762 3655 1211 3696; baseline 0.011 -5"><span class='ocrx_word' id='word_1_393' title='bbox 762 3659 826 3693; x_wconf 87' lang='lat' dir='ltr'><strong>nea</strong></span> <span class='ocrx_word' id='word_1_394' title='bbox 894 3663 1033 3695; x_wconf 79' lang='lat' dir='ltr'><strong>arvars</strong></span> <span class='ocrx_word' id='word_1_395' title='bbox 1099 3661 1121 3695; x_wconf 84' lang='lat' dir='ltr'><strong>rs</strong></span> <span class='ocrx_word' id='word_1_396' title='bbox 1160 3655 1211 3696; x_wconf 86' lang='lat' dir='ltr'><strong>osrt</strong></span> 
     </span>
     <span class='ocr_line' id='line_1_72' title="bbox 698 3659 1271 3768; baseline 0.017 -10"><span class='ocrx_word' id='word_1_397' title='bbox 698 3659 779 3760; x_wconf 61' lang='lat' dir='ltr'><strong>vergo</strong></span> <span class='ocrx_word' id='word_1_398' title='bbox 810 3679 878 3761; x_wconf 74' lang='lat' dir='ltr'><strong>aut&#39;</strong></span> <span class='ocrx_word' id='word_1_399' title='bbox 896 3711 963 3763; x_wconf 86' lang='lat' dir='ltr'><strong>Cum</strong></span> <span class='ocrx_word' id='word_1_400' title='bbox 992 3677 1081 3764; x_wconf 66' lang='lat' dir='ltr'><strong>entim</strong></span> <span class='ocrx_word' id='word_1_401' title='bbox 1106 3663 1229 3768; x_wconf 72' lang='lat' dir='ltr'><strong>etpalilll</strong></span> <span class='ocrx_word' id='word_1_402' title='bbox 1270 3701 1271 3707; x_wconf 23' lang='lat'>¹</span> 
     </span>
     <span class='ocr_line' id='line_1_73' title="bbox 699 3774 1227 3842; baseline 0.011 -15"><span class='ocrx_word' id='word_1_403' title='bbox 699 3774 783 3827; x_wconf 82' lang='lat' dir='ltr'><strong>soleat</strong></span> <span class='ocrx_word' id='word_1_404' title='bbox 805 3778 873 3829; x_wconf 80' lang='lat' dir='ltr'><strong>alius</strong></span> <span class='ocrx_word' id='word_1_405' title='bbox 895 3779 1024 3831; x_wconf 88' lang='lat' dir='ltr'><strong>alterutro</strong></span> <span class='ocrx_word' id='word_1_406' title='bbox 1046 3778 1103 3830; x_wconf 87' lang='lat' dir='ltr'><strong>loco</strong></span> <span class='ocrx_word' id='word_1_407' title='bbox 1120 3779 1227 3842; x_wconf 86' lang='lat' dir='ltr'><strong>omitti,</strong></span> 
     </span>
     <span class='ocr_line' id='line_1_74' title="bbox 700 3839 1229 3916; baseline 0.021 -23"><span class='ocrx_word' id='word_1_408' title='bbox 700 3839 747 3894; x_wconf 90' lang='lat' dir='ltr'><strong>ubi</strong></span> <span class='ocrx_word' id='word_1_409' title='bbox 776 3843 818 3897; x_wconf 91' lang='lat' dir='ltr'><strong>bis</strong></span> <span class='ocrx_word' id='word_1_410' title='bbox 849 3845 1002 3916; x_wconf 85' lang='lat' dir='ltr'><strong>ponendum</strong></span> <span class='ocrx_word' id='word_1_411' title='bbox 1031 3855 1107 3908; x_wconf 87' lang='lat' dir='ltr'><strong>erat,</strong></span> <span class='ocrx_word' id='word_1_412' title='bbox 1142 3857 1169 3900; x_wconf 85' lang='lat' dir='ltr'><strong>et</strong></span> <span class='ocrx_word' id='word_1_413' title='bbox 1199 3850 1229 3904; x_wconf 74' lang='lat' dir='ltr'><strong>‘m</strong></span> 
     </span>
     <span class='ocr_line' id='line_1_75' title="bbox 698 3909 1229 3975; baseline 0.013 -13"><span class='ocrx_word' id='word_1_414' title='bbox 698 3909 774 3962; x_wconf 85' lang='lat' dir='ltr'><strong>codd.</strong></span> <span class='ocrx_word' id='word_1_415' title='bbox 792 3911 820 3964; x_wconf 90' lang='lat' dir='ltr'><strong>h.</strong></span> <span class='ocrx_word' id='word_1_416' title='bbox 838 3911 856 3969; x_wconf 89' lang='lat' dir='ltr'><strong>l.</strong></span> <span class='ocrx_word' id='word_1_417' title='bbox 874 3917 1033 3975; x_wconf 81' lang='lat' dir='ltr'><strong>omittatur,</strong></span> <span class='ocrx_word' id='word_1_418' title='bbox 1057 3923 1123 3966; x_wconf 88' lang='lat' dir='ltr'><strong>recte</strong></span> <span class='ocrx_word' id='word_1_419' title='bbox 1141 3914 1229 3970; x_wconf 80' lang='lat' dir='ltr'><strong>subla-</strong></span> 
     </span>
     <span class='ocr_line' id='line_1_76' title="bbox 698 3979 1228 4038; baseline 0.011 -10"><span class='ocrx_word' id='word_1_420' title='bbox 698 3986 753 4028; x_wconf 88' lang='lat' dir='ltr'><strong>tum</strong></span> <span class='ocrx_word' id='word_1_421' title='bbox 772 3991 820 4038; x_wconf 83' lang='lat' dir='ltr'><strong>est.</strong></span> <span class='ocrx_word' id='word_1_422' title='bbox 840 3982 896 4038; x_wconf 84' lang='lat' dir='ltr'><strong>lam</strong></span> <span class='ocrx_word' id='word_1_423' title='bbox 914 3981 1018 4034; x_wconf 79' lang='lat' dir='ltr'><strong>dixerat</strong></span> <span class='ocrx_word' id='word_1_424' title='bbox 1033 3979 1084 4034; x_wconf 87' lang='lat' dir='ltr'><strong>hoc</strong></span> <span class='ocrx_word' id='word_1_425' title='bbox 1109 3981 1228 4036; x_wconf 80' lang='lat' dir='ltr'><strong>Gronov.</strong></span> 
     </span>
     <span class='ocr_line' id='line_1_77' title="bbox 697 4043 1228 4115; baseline 0.023 -19"><span class='ocrx_word' id='word_1_426' title='bbox 697 4043 731 4110; x_wconf 79' lang='lat' dir='ltr'><strong>od</strong></span> <span class='ocrx_word' id='word_1_427' title='bbox 749 4045 807 4100; x_wconf 87' lang='lat' dir='ltr'><strong>Liv.</strong></span> <span class='ocrx_word' id='word_1_428' title='bbox 826 4047 857 4112; x_wconf 88' lang='grc'><strong>3,</strong></span> <span class='ocrx_word' id='word_1_429' title='bbox 886 4054 929 4115; x_wconf 82' lang='grc'><strong>37.</strong></span> <span class='ocrx_word' id='word_1_430' title='bbox 951 4051 994 4103; x_wconf 91' lang='lat' dir='ltr'><strong>M.</strong></span> <span class='ocrx_word' id='word_1_431' title='bbox 1023 4049 1067 4102; x_wconf 80' lang='lat' dir='ltr'><strong>cf.</strong></span> <span class='ocrx_word' id='word_1_432' title='bbox 1084 4059 1176 4103; x_wconf 77' lang='lat' dir='ltr'><strong>notata</strong></span> <span class='ocrx_word' id='word_1_433' title='bbox 1193 4051 1228 4108; x_wconf 76' lang='lat' dir='ltr'><strong>sd</strong></span> 
     </span>
     <span class='ocr_line' id='line_1_78' title="bbox 697 4113 900 4174; baseline 0.02 -8"><span class='ocrx_word' id='word_1_434' title='bbox 697 4113 735 4174; x_wconf 81' lang='lat'><strong>3,</strong></span> <span class='ocrx_word' id='word_1_435' title='bbox 754 4133 794 4168; x_wconf 86' lang='lat'><strong>21.</strong></span> <span class='ocrx_word' id='word_1_436' title='bbox 812 4127 840 4169; x_wconf 85' lang='lat' dir='ltr'><strong>et</strong></span> <span class='ocrx_word' id='word_1_437' title='bbox 858 4127 900 4172; x_wconf 84' lang='lat'><strong>25.</strong></span> 
     </span>
    </p>
   </div>
   <div class='ocr_carea' id='block_1_19' title="bbox 700 4221 1226 4352">
    <p class='ocr_par' dir='ltr' id='par_1_20' title="bbox 700 4221 1226 4352">
     <span class='ocr_line' id='line_1_79' title="bbox 730 4221 1226 4290; baseline 0.004 -18"><span class='ocrx_word' id='word_1_438' title='bbox 730 4225 754 4272; x_wconf 81' lang='lat' dir='ltr'><strong>si</strong></span> <span class='ocrx_word' id='word_1_439' title='bbox 771 4251 804 4261; x_wconf 96' lang='lat'><em>-</em></span> <span class='ocrx_word' id='word_1_440' title='bbox 816 4233 930 4290; x_wconf 79' lang='lat' dir='ltr'><strong>possent.</strong></span> <span class='ocrx_word' id='word_1_441' title='bbox 954 4221 1060 4274; x_wconf 84' lang='lat' dir='ltr'><strong>Terent.</strong></span> <span class='ocrx_word' id='word_1_442' title='bbox 1078 4222 1171 4274; x_wconf 83' lang='lat' dir='ltr'><strong>Reaut.</strong></span> <span class='ocrx_word' id='word_1_443' title='bbox 1193 4240 1226 4286; x_wconf 75' lang='lat' dir='ltr'><strong>r,</strong></span> 
     </span>
     <span class='ocr_line' id='line_1_80' title="bbox 700 4291 1117 4352; baseline 0.01 -16"><span class='ocrx_word' id='word_1_444' title='bbox 700 4303 732 4351; x_wconf 85' lang='lat' dir='ltr'><strong>r,</strong></span> <span class='ocrx_word' id='word_1_445' title='bbox 754 4296 807 4344; x_wconf 82' lang='lat'><strong>118.</strong></span> <span class='ocrx_word' id='word_1_446' title='bbox 826 4293 927 4352; x_wconf 79' lang='lat' dir='ltr'><strong>visam,</strong></span> <span class='ocrx_word' id='word_1_447' title='bbox 944 4293 967 4341; x_wconf 82' lang='lat' dir='ltr'><strong>si</strong></span> <span class='ocrx_word' id='word_1_448' title='bbox 983 4291 1053 4343; x_wconf 82' lang='lat' dir='ltr'><strong>domi</strong></span> <span class='ocrx_word' id='word_1_449' title='bbox 1069 4303 1117 4342; x_wconf 83' lang='lat' dir='ltr'><strong>est.</strong></span> 
     </span>
    </p>
   </div>
   <div class='ocr_carea' id='block_1_20' title="bbox 730 4393 1225 4467">
    <p class='ocr_par' dir='ltr' id='par_1_21' title="bbox 730 4393 1225 4467">
     <span class='ocr_line' id='line_1_81' title="bbox 730 4393 1225 4467; baseline -0.004 -19"><span class='ocrx_word' id='word_1_450' title='bbox 730 4397 816 4467; x_wconf 80' lang='lat' dir='ltr'><strong>operis</strong></span> <span class='ocrx_word' id='word_1_451' title='bbox 834 4400 983 4448; x_wconf 81' lang='lat' dir='ltr'><strong>munitione.</strong></span> <span class='ocrx_word' id='word_1_452' title='bbox 1018 4393 1147 4464; x_wconf 74' lang='lat' dir='ltr'><strong>lntelligit</strong></span> <span class='ocrx_word' id='word_1_453' title='bbox 1166 4413 1225 4446; x_wconf 85' lang='lat' dir='ltr'><strong>mn·</strong></span> 
     </span>
    </p>
   </div>
   <div class='ocr_carea' id='block_1_21' title="bbox 1206 4459 1211 4472">
    <p class='ocr_par' dir='ltr' id='par_1_22' title="bbox 1206 4459 1211 4472">
     <span class='ocr_line' id='line_1_82' title="bbox 1206 4459 1211 4472; baseline 0 0"><span class='ocrx_word' id='word_1_454' title='bbox 1206 4459 1211 4472; x_wconf 69' lang='grc' dir='ltr'>δ</span> 
     </span>
    </p>
   </div>
   <div class='ocr_carea' id='block_1_22' title="bbox 696 4462 1225 4534">
    <p class='ocr_par' dir='ltr' id='par_1_23' title="bbox 696 4462 1225 4534">
     <span class='ocr_line' id='line_1_83' title="bbox 696 4462 1225 4534; baseline -0.011 -17"><span class='ocrx_word' id='word_1_455' title='bbox 696 4481 775 4526; x_wconf 73' lang='lat' dir='ltr'><strong>ntor,</strong></span> <span class='ocrx_word' id='word_1_456' title='bbox 803 4466 900 4516; x_wconf 77' lang='lat' dir='ltr'><strong>fossam</strong></span> <span class='ocrx_word' id='word_1_457' title='bbox 917 4471 943 4516; x_wconf 85' lang='lat' dir='ltr'><strong>et</strong></span> <span class='ocrx_word' id='word_1_458' title='bbox 960 4462 1089 4522; x_wconf 81' lang='lat' dir='ltr'><strong>castella,</strong></span> <span class='ocrx_word' id='word_1_459' title='bbox 1112 4463 1144 4514; x_wconf 84' lang='lat' dir='ltr'><strong>de</strong></span> <span class='ocrx_word' id='word_1_460' title='bbox 1168 4479 1225 4534; x_wconf 61' lang='lat' dir='ltr'><strong>quq-</strong></span> 
     </span>
    </p>
   </div>
   <div class='ocr_carea' id='block_1_23' title="bbox 696 4530 1118 4605">
    <p class='ocr_par' dir='ltr' id='par_1_24' title="bbox 696 4530 1118 4605">
     <span class='ocr_line' id='line_1_84' title="bbox 696 4530 1118 4605; baseline 0.012 -20"><span class='ocrx_word' id='word_1_461' title='bbox 696 4531 744 4589; x_wconf 76' lang='lat' dir='ltr'><strong>bus</strong></span> <span class='ocrx_word' id='word_1_462' title='bbox 762 4531 851 4605; x_wconf 78' lang='lat' dir='ltr'><strong>parrllo</strong></span> <span class='ocrx_word' id='word_1_463' title='bbox 869 4541 929 4589; x_wconf 71' lang='lat' dir='ltr'><strong>auto</strong></span> <span class='ocrx_word' id='word_1_464' title='bbox 946 4531 1058 4590; x_wconf 61' lang='grc' dir='ltr'><strong>ἅπτει·</strong></span> <span class='ocrx_word' id='word_1_465' title='bbox 1075 4530 1118 4594; x_wconf 76' lang='grc' dir='ltr'><strong>Μ·</strong></span> 
     </span>
    </p>
   </div>
   <div class='ocr_carea' id='block_1_24' title="bbox 0 0 1538 5260">
    <p class='ocr_par' dir='ltr' id='par_1_25' title="bbox 0 0 1538 5260">
     <span class='ocr_line' id='line_1_85' title="bbox 0 0 1538 5260; baseline 0 1"><span class='ocrx_word' id='word_1_466' title='bbox 0 0 1538 5260; x_wconf 95' lang='lat' dir='ltr'><strong> </strong></span> 
     </span>
    </p>
   </div>
  </div>
 </body>
</html>
