3000 5268
335 367 414 428 Lm
448 369 502 427 vi.
538 369 629 428 css.
674 340 842 458 ¹344·

1044 375 1133 436 201

29 571 106 642 nna
131 595 333 668 poenasque
363 573 606 642 constituunt:
637 575 672 643 si
701 577 766 670 qui
791 587 854 644 aut
881 565 1048 671 priuatus
1079 589 1144 648 aut

26 687 193 786 publicus
220 711 341 757 eorum
366 685 504 757 decreto
535 713 604 756 non
620 693 742 774 stetit,
769 683 961 782 sacrificiis
992 690 1144 761 interdi-
1230 743 1234 750 -

30 817 131 876 curii.
159 803 261 874 Haec
287 827 400 898 poena
426 802 524 899 apud
551 827 610 874 eos
640 817 693 874 est
719 809 952 902 grauissima.
1009 806 1145 905 Quibus

30 927 81 993 ita
117 933 169 993 est
198 917 446 1007 interdictum,
475 923 507 989 ii
534 941 678 990 numero
708 923 885 1015 inpiorum
919 945 963 991 ac
992 925 1146 995 scelera-

31 1049 153 1106 torum
187 1033 380 1116 labentum
408 1037 455 1104 iis
485 1059 604 1105 omnes
635 1031 826 1121 decedunt,
855 1033 992 1104 aditum
1023 1063 1147 1110 eorum

31 1173 299 1247 sermonemque
328 1148 544 1248 diffugiunt,
572 1174 617 1221 ne
647 1149 736 1248 quid
767 1175 814 1223 ex
844 1157 1056 1249 contagione
1089 1162 1150 1228 in-

34 1267 214 1342 commodi
238 1269 432 1361 accipiant:
459 1289 570 1364 aeque
594 1269 641 1336 iis
663 1265 858 1362 petentibus
885 1270 942 1338 ius
970 1270 1146 1360 redditur,

34 1407 150 1480 neque
166 1381 277 1452 lioaos
303 1381 398 1452 attus
424 1383 718 1452 communicatur.
749 1379 818 1449 His
844 1393 961 1450 autem
989 1386 1150 1457 omnibns

37 1499 236 1572 Driu'dibus
259 1509 400 1592 praeest
425 1521 539 1583 unus,
556 1499 620 1592 qui
643 1520 822 1597 summam
848 1501 939 1568 inter
963 1521 1021 1570 eos
1048 1499 1151 1574 traha

38 1621 297 1688 auctoritatem.
328 1612 408 1682 Hoc
433 1625 592 1694 mortuo,
620 1616 655 1682 si
679 1615 742 1709 qui
766 1635 812 1682 ex
839 1613 986 1712 reliquis
1014 1620 1140 1688 excelli

40 1735 243 1830 dignitate,
279 1727 458 1798 succedit:
488 1741 549 1818 at,
577 1731 612 1797 si
644 1741 728 1800 sunt
762 1727 882 1822 plures
913 1753 1040 1824 pares,
1077 1730 1154 1824 sns-

29 1848 165 1945 sragio
182 1842 361 1928 Drm'dum
377 1842 568 1940 deligitur,
585 1865 850 1938 nonnumquam
867 1845 972 1912 etiam
989 1843 1033 1914 de
1047 1849 1154 1936 pria-

45 1965 166 2058 cipotu
195 1961 307 2028 arnus
337 1957 562 2028 contendunt.
614 1957 668 2027 Hi
696 1969 790 2028 certo
820 1961 909 2027 anni
935 1971 1089 2044 tempore
1118 1964 1158 2028 in

36 2073 177 2171 finibus
213 2074 435 2161 Carnutm,
468 2095 559 2166 quae
593 2077 693 2172 regio
727 2077 835 2144 totius
870 2071 1007 2147 Galliac
1040 2077 1159 2147 media

48 2191 221 2279 liahelur,
251 2189 438 2261 considunt
467 2193 506 2259 in
537 2189 611 2260 loco
646 2203 860 2261 consecrato.
923 2191 1008 2262 Huc
1039 2219 1160 2266 omnes

50 2311 227 2406 undique,
249 2311 314 2404 qui
338 2307 593 2379 controversias
619 2303 767 2388 habent,
786 2311 1008 2396 conueniunt,
1023 2335 1163 2382 eorum·

52 2451 116 2524 que
140 2424 290 2496 decretis
316 2419 528 2518 iudiciisque
550 2434 689 2516 parent·
716 2419 916 2516 Disciplina
945 2426 984 2491 in
1014 2423 1163 2494 Britan-

53 2544 110 2610 nia
136 2552 274 2634 reperta
307 2549 412 2634 cique
439 2535 521 2606 z'ride
546 2539 584 2604 ia
612 2535 765 2606 Galliam
796 2537 968 2606 translatu
994 2563 1071 2610 csse
1088 2542 1165 2610 exi-

53 2661 237 2726 stimatur:
269 2665 303 2724 et
334 2677 447 2738 nunc,
480 2655 544 2748 qul
570 2649 779 2748 diligentius
812 2677 890 2723 eam
923 2677 998 2725 rem
1029 2681 1165 2754 cogno-

55 2793 147 2841 scere
179 2769 320 2857 voluat,
345 2767 554 2864 plerumque
581 2766 641 2836 illo
672 2766 835 2838 discendi
863 2793 992 2839 caussa
1021 2767 1167 2870 profici·

56 2897 213 2954 scantur.
1123 2895 1125 2900 ’

109 3007 166 3088 14.
192 2991 348 3070 Druides
378 3023 401 3065 ιι
429 2995 516 3067 bello
545 2994 666 3068 abesse
696 3013 931 3102 consuerunt,
959 3026 1069 3098 neque
1090 3006 1166 3082 ¹tri-

90 3203 180 3268 siqui.
199 3199 266 3252 bene
284 3197 330 3250 sic.
348 3195 390 3248 Al.
409 3201 431 3246 si
448 3198 513 3263 quis.

90 3269 210 3337 positione.
229 3269 259 3320 si
276 3264 340 3317 hooc
357 3265 433 3314 lectio
451 3281 509 3314 vera
527 3269 580 3326 est,

63 3343 121 3398 (aon
158 3337 215 3386 ausi
241 3351 301 3384 vero
326 3330 402 3391 libri,
421 3333 529 3382 sortasse
550 3348 581 3380 ex

62 3355 257 3461 emulatione,
280 3399 379 3450 hahent
401 3401 527 3468 postulas)
544 3399 582 3448 si-

65 3476 173 3537 gnihrot,
188 3481 217 3520 ut
230 3488 321 3519 (annes
332 3467 435 3526 vident,
448 3486 521 3526 oum,
535 3465 583 3535 qui

64 3557 166 3590 tannero
186 3535 292 3606 publico
311 3537 441 3602 inligatum
459 3533 505 3585 sed
522 3533 583 3584 haec

17 3623 18 3626 ’
66 3617 98 3656 est
117 3607 301 3663 ru1·issimo,et
315 3604 359 3653 vix
377 3602 440 3653 alibi
458 3601 533 3653 obvia
551 3602 585 3652 si·

647 3195 689 3262 g'o
719 3196 760 3252 ei,
786 3195 815 3246 in
842 3213 895 3266 quo
920 3197 1038 3250 nondum
1066 3199 1169 3262 suerat,

648 3271 680 3311 ut
706 3261 837 3326 {egimusne
861 3263 1018 3332 collegarum
1044 3283 1169 3318 numerus

649 3329 694 3379 siat
706 3332 804 3397 integer
814 3337 848 3394 (r.
858 3331 962 3382 Ernesti
974 3333 1047 3382 Clav.
1061 3335 1169 3397 Cicer.);

649 3394 699 3446 hoc
717 3397 774 3448 loco
790 3399 1046 3470 atttemis‚q11iiom
1062 3400 1171 3451 interi-st

649 3462 769 3531 collegia,
787 3483 856 3516 unius
873 3485 887 3516 e
905 3465 1064 3527 Druidibas,
1082 3469 1110 3516 iu
1128 3467 1172 3518 ‹ie-

651 3533 748 3580 mortui
774 3531 861 3582 locnm
890 3533 1054 3602 sufficiatur3
1075 3535 1172 3586 idcirco

651 3596 858 3667 Oudendorpius
873 3603 988 3665 putavit,
1005 3601 1173 3652 scribendum

18 3679 21 3716 ἱ
66 3675 204 3734 gottiaaio,
222 3669 342 3739 quac-ht
359 3669 376 3720 l.
394 3689 447 3720 uon
476 3669 528 3719 uisi
554 3687 585 3719 ex

20 3773 21 3778 =
68 3743 184 3810 opgsosito
201 3737 282 3788 verbo
299 3739 418 3804 cethmosci
437 3745 533 3806 poust.
543 3737 585 3786 M.

66 3805 87 3858 l·
101 3809 128 3857 C.
147 3807 179 3857 H.
200 3805 274 3872 legit:
293 3809 315 3855 si
333 3809 377 3873 qui
399 3817 444 3854 aut
463 3808 588 3874 privatim

70 3887 108 3922 ait
123 3875 227 3942 publice.

99 3947 127 3992 iis
138 3959 223 3991 omrus
232 3939 361 3990 decedunt.
370 3937 413 3990 Al.
423 3931 455 3989 at»
463 3943 494 3990 iis
502 3953 589 3988 omnes

73 4006 201 4058 discedunt.

102 4080 188 4142 siqui.
208 4072 252 4126 At.
270 4069 293 4124 'si
309 4077 373 4142 qais.

103 4155 140 4201 ot,
157 4142 239 4196 siAl.
257 4153 302 4190 ont
319 4145 349 4190 si.
368 4139 415 4192 uhi
426 4139 495 4192 Oud.
512 4149 591 4210 putat

78 4205 135 4258 forte
152 4207 291 4276 legendnm
308 4220 353 4258 aut
369 4211 490 4269 succedit,
503 4222 546 4258 rint
560 4211 589 4257 si.

105 4276 228 4346 deligitur.
256 4275 312 4326 Alii
333 4276 471 4342 adlegitur.
493 4277 590 4326 Veram

81 4355 153 4408 quum
177 4345 294 4413 adlegere
325 4347 429 4412 proprie
455 4344 512 4403 sit,
541 4341 591 4392 ati-

82 4423 149 4480 qnem
173 4429 219 4481 per
242 4410 366 4478 suffragia
390 4410 484 4463 addere
511 4409 592 4461 colle·

652 3683 707 3714 esee
723 3666 837 3733 eligitur,
851 3667 891 3725 vei
903 3669 1035 3737 deligitur,
1052 3668 1092 3720 vel
1107 3669 1174 3718 dele·

650 3737 732 3799 gitur·
750 3734 787 3782 til.
813 3733 853 3786 Ut
873 3756 901 3800 1,
920 3734 950 3794 3,
969 3751 996 3798 7,
1015 3735 1055 3786 83.

687 3831 902 3894 regio—media.
942 3829 995 3880 Hoc
1018 3848 1072 3880 uon
1094 3830 1175 3882 nimis

653 3895 798 3960 urgendum
816 3915 883 3957 esso,
900 3895 945 3948 sed
964 3896 1045 3947 laxius
1057 3895 1107 3948 dici
1123 3915 1176 3947 tue-

655 3965 726 4016 dinm
750 3965 892 4030 regionem,
910 3965 1016 4016 monuit
1039 3965 1176 4018 cellarius.

655 4033 693 4081 M.
711 4033 786 4081 ⁸Sicut
803 4031 941 4082 umbilicus
968 4039 1048 4082 terroe
1067 4033 1094 4082 in
1116 4031 1178 4082 [tel-

655 4097 730 4170 pliis,
747 4117 827 4168 quem
845 4100 937 4151 Graeci
953 4099 1094 4150 credidere.

690 4207 747 4255 lara
763 4219 917 4256 oririsecraia.
935 4205 1010 4256 Voss.
1025 4205 1105 4256 malet
1116 4205 1179 4257 tneo.

657 4273 780 4324 Obstnnt.
794 4283 856 4324 vett.
870 4273 945 4325 coriti.
959 4283 985 4323 et
997 4273 1055 4324 edd.
1072 4273 1179 4324 (linien-

658 4341 767 4408 darpius
789 4350 876 4393 tamen
900 4342 930 4392 in
955 4339 1019 4393 edit.
1037 4343 1182 4410 posteriore

659 4411 757 4478 recepit
775 4409 839 4460 luco.

172 4511 327 4584 CAESAR.
355 4509 550 4581 Commeat.
576 4507 684 4578 Tom.
710 4505 740 4580 I.
943 4507 996 4580 (Σο
