3068 5260
303 306 374 379 un
748 309 987 375 anuarino
1185 301 1187 306 ’

304 517 547 644 quaedam,
579 513 747 639 passim
779 549 805 605 a
837 513 986 606 doctis
1018 501 1153 623 virm,
1193 538 1237 608 et
1268 503 1315 608 in
1346 503 1423 610 his
1515 569 1516 652 ;

304 671 666 776 acryptonymo
707 649 754 738 in
795 648 983 740 Miscell.
1017 649 1237 773 Lipsiens.
1280 653 1417 742 novis
1515 693 1516 722 ³

305 799 334 872 t.
367 815 420 891 2,
452 781 538 872 sub
570 779 727 870 litteris
759 787 790 870 Ι.
820 785 870 872 C.
904 787 958 870 H.
992 780 1186 891 latente,
1228 783 1426 874 animada
1515 823 1516 864 r

303 947 461 1022 versa,
488 917 533 1003 in
555 945 688 1004 usum
710 913 926 1004 trahenda
946 915 1121 1039 putavi,
1143 937 1188 1004 et
1213 913 1424 1005 lectionis

303 1048 564 1138 varietatem
590 1045 743 1169 paullo
772 1046 1054 1170 frequentius
1077 1047 1424 1155 discutiendam,

304 1215 395 1306 qua
432 1214 480 1272 re
521 1181 808 1306 potissimum
848 1173 932 1288 iis,
978 1182 1086 1304 qui,
1127 1182 1296 1272 maiore
1339 1183 1427 1270 ista

304 1323 673 1409 Ouusuuounaua
703 1315 902 1406 editione
922 1316 983 1422 (¹),
1013 1315 1150 1406 hodie
1183 1315 1426 1406 admodum

304 1487 427 1560 rara,
461 1451 699 1557 destituti,
734 1451 792 1541 ad
823 1449 1140 1575 explicandum
1172 1437 1425 1544 iunioribus

304 1607 538 1678 auctorem
557 1584 809 1692 accedunt,
830 1604 1002 1706 gratum
1028 1617 1099 1674 me
1128 1578 1293 1676 fecisse
1320 1615 1427 1676 eun-

311 1721 420 1815 fido.
449 1725 544 1812 Nec
570 1717 867 1809 iniucundum
893 1719 982 1811 hoc
1010 1720 1187 1811 accidet
1208 1707 1328 1828 aliis,
1348 1722 1430 1843 qui

308 1855 494 1979 proprio
509 1857 648 1942 Marte
668 1853 715 1942 in
730 1857 967 1942 Caesarem
993 1852 1234 1975 legendum
1257 1855 1430 1944 incum-

309 1987 451 2093 bunt,
486 2017 627 2108 quum
658 1986 726 2076 sic
764 1985 820 2075 de
852 1987 1025 2078 ratione
1057 1985 1266 2077 lectionis
1300 2015 1430 2076 aece-

308 2139 413 2243 ptae
445 2119 595 2242 aptius
627 2119 828 2210 iudicare
859 2119 1006 2211 liceat.
1034 2127 1151 2210 Turn
1175 2117 1430 2211 cavendum

310 2249 577 2358 arbitrabar,
596 2283 654 2341 ne
677 2253 867 2360 tirones,
884 2252 1012 2376 quod
1036 2252 1173 2376 vulgo
1200 2249 1296 2341 fieri
1321 2278 1433 2341 oon-

313 2385 484 2490 suevit‚
502 2411 836 2508 quamcumque
862 2387 1104 2479 lectionem
1130 2389 1177 2477 in
1198 2415 1281 2476 sua
1306 2386 1434 2508 quis·
1500 2469 1502 2473 ,

314 2553 405 2642 que
432 2517 632 2610 editione
652 2515 891 2630 invenerit,
912 2556 1010 2613 eam
1029 2524 1174 2648 ipsius
1201 2521 1435 2646 scriptoris

315 2656 458 2756 fuisse
490 2677 664 2780 putent.

376 2787 553 2896 Sicubi,
574 2787 701 2911 quod
718 2821 851 2914 parce
878 2793 1069 2901 factum,
1092 2795 1149 2883 ab
1165 2793 1440 2886 Oudendor-

313 2925 470 3048 puna,
498 2955 634 3045 quam
661 2944 707 3013 et
730 2933 884 3017 Morus
911 2959 1039 3020 suam
1066 2929 1256 3039 fecerat,
1283 2961 1442 3022 recen·-

317 3059 446 3182 sione
478 3059 678 3165 recessi,
700 3091 818 3184 quae
846 3093 917 3150 me
944 3067 1056 3154 ratio
1083 3059 1294 3175 moverit,
1322 3053 1441 3155 indi-

317 3191 431 3280 cavi.
453 3196 718 3312 Fragmenta
735 3195 942 3285 Caesaris
968 3217 1014 3286 et
1035 3199 1292 3288 testimonia
1323 3218 1445 3288 vete-

316 3357 415 3416 rum
445 3326 650 3432 restitui,
692 3360 718 3416 a
750 3333 876 3420 Moro
908 3330 1127 3454 neglecta.
1160 3327 1307 3424 Huius
1337 3324 1441 3422 dili·

318 3461 495 3585 gentiae
528 3461 715 3554 sedulae
748 3459 922 3556 iudices
952 3465 1091 3556 debet
1122 3465 1291 3576 lector,
1318 3500 1442 3598 quos

317 3597 525 3723 pauculis
552 3596 658 3689 hinc
684 3589 789 3688 inde
811 3599 1039 3724 adspersis
1059 3601 1175 3692 auxi.
1196 3599 1445 3695 Recentius

319 3736 541 3856 quaedam
569 3734 876 3825 animadversa
895 3735 941 3824 in
957 3737 1218 3828 Mantissam
1244 3735 1441 3832 conieci.

379 3869 430 3959 ln
461 3869 516 3960 iis
547 3869 687 3975 locis,
722 3901 840 3993 quae
868 3867 923 3958 de
951 3868 1179 3962 Gallorum
1198 3880 1445 3965 Germano-

321 4027 513 4124 rumque
531 3999 748 4126 religione
768 4021 813 4093 et
833 4001 1034 4096 moribus
1057 4027 1218 4128 agunt,
1241 4007 1445 4131 itemque

355 4282 393 4342 (1)
421 4277 525 4332 Prodiit
554 4277 679 4350 Lugduni
705 4279 859 4335 Balarorum
880 4281 950 4348 1737.
969 4293 992 4350 4.
1016 4305 1032 4337 2
1049 4283 1111 4340 vot.
1148 4283 1262 4340 Omissis
1285 4287 1358 4340 nott·
1378 4285 1442 4340 dein

323 4357 436 4427 repetita
460 4361 551 4427 paucis
569 4362 678 4416 mutatis
696 4359 732 4412 ib.
755 4371 827 4425 1740.
846 4367 869 4414 8.
