2986 5268
1088 334 1179 428 303

357 375 436 435 rm.
469 375 538 434 vn.
573 371 664 434 car.
701 337 876 456 82-›84

70 579 174 650 tores
200 574 434 674 regionibns,
459 574 571 648 duces
597 572 762 646 bostium
787 572 854 644 LX
878 566 980 642 milia
1007 568 1184 643 exomni

69 713 228 762 numero
255 688 430 788 delegunt
454 711 581 760 earum
609 691 834 773 civitatum,
861 706 955 780 quae
974 683 1180 756 maximam
1228 755 1234 778 Ι
1315 725 1325 749 .

67 808 226 880 virtutis
259 805 469 904 opinionem
504 803 715 888 habebant;
755 800 844 898 quid
878 823 1025 896 quoque
1063 805 1178 896 pacto

67 921 131 1020 agi
158 919 334 1017 placeat,
366 917 513 1022 occulte
539 919 638 990 inter
663 942 700 990 se
728 916 987 998 constituunt3
1021 911 1182 986 adeundi

66 1042 218 1135 tempus
241 1034 438 1118 definiunt,
467 1057 582 1130 quum
610 1033 781 1104 meridies
808 1055 884 1102 esse
911 1027 1094 1102 videatur.
1129 1029 1179 1101 lie

65 1150 185 1248 copiis
217 1147 538 1247 Vergasillaunum
570 1149 799 1234 Aruernum,
819 1165 934 1216 unum
953 1166 999 1214 ex
1016 1147 1179 1238 quatuor

62 1265 258 1351 Ducibus,
289 1266 538 1362 propinquum
567 1263 901 1362 Vercingetorigis,
938 1259 1178 1358 praeficiunt.

61 1379 133 1452 Ille
153 1405 197 1454 ex
216 1382 349 1454 castris
363 1381 482 1480 prima
500 1378 625 1479 vigilia
649 1403 837 1478 egressus,
864 1401 978 1477 prope
1005 1377 1177 1452 confecto

60 1493 136 1566 sub
153 1493 276 1566 lucem
296 1497 448 1582 itinere,
475 1499 559 1590 post
585 1502 752 1568 montem
781 1517 820 1564 se
847 1489 1053 1565 occultavit
1078 1488 1178 1562 mili·

62 1613 196 1703 tesque
222 1632 269 1680 ex
292 1615 476 1682 nocturno
494 1607 620 1681 labore
640 1633 716 1681 sese
733 1607 883 1680 reficere
904 1603 1022 1678 iussit.
1049 1605 1178 1694 Quum

60 1723 142 1796 iam
169 1724 339 1796 meridies
359 1723 653 1822 adpropinquare
672 1724 879 1812 videretur,
905 1721 953 1794 ad
971 1745 1013 1793 ea
1033 1726 1176 1812 castra,

61 1859 163 1931 quae
190 1861 300 1937 supra
320 1839 682 1929 demonstravimus,
716 1839 938 1914 contendit:
972 1836 1177 1934 eodemque

60 1959 234 2048 tempore
253 1954 497 2050 equitatusad
512 1963 736 2053 campestres
755 1955 981 2028 munitiones
999 1952 1176 2028 accedere

60 2071 103 2136 et
115 2049 278 2163 reliquae
293 2070 419 2167 copiae
435 2093 501 2166 pro
516 2071 645 2142 castris
659 2095 735 2144 sese
752 2067 943 2142 ostendere
958 2073 1175 2166 coeperunt.

113 2181 176 2270 84.
211 2185 493 2284 Vercingetorix
527 2211 573 2260 ex
607 2212 693 2260 arce
726 2186 869 2262 Alesiae
905 2210 991 2260 suos
1025 2187 1178 2285 conspi-

58 2304 198 2386 catus,
225 2325 286 2398 ¹ex
321 2302 456 2406 oppido
490 2301 703 2404 egreditur3
738 2329 760 2376 a
794 2301 925 2376 castris
960 2300 1172 2402 longurios,

650 2557 714 2602 runt
730 2547 769 2602 ibi
786 2550 850 2602 istae
872 2568 913 2604 res
929 2557 958 2604 et
973 2550 1067 2604 confici
1083 2559 1110 2604 et
1126 2552 1173 2606 ed·

55 2616 281 2670 administrandae
298 2636 335 2668 rer
352 2616 508 2668 necessarius
527 2618 583 2668 lue-
650 2619 754 2668 scrvari.
773 2617 847 2669 Vidit
864 2615 914 2670 boc
931 2617 1069 2681 Clarkius,
1085 2629 1175 2672 tamen

53 2687 106 2746 rit,
124 2687 376 2754 quicumque.casus
394 2703 421 2736 se
438 2681 581 2750 obtulerit,
650 2701 704 2735 nou
749 2683 870 2749 mbovit3
895 2684 941 2736 sed
965 2685 1172 2758 Oudendorpim

54 2751 194 2822 arrsjedcn
211 2752 281 2802 Fau.
299 2752 342 2802 M.
650 2759 722 2802 tenet
731 2701 801 2803 ilonc
812 2751 959 2806 lectionem.
977 2751 1109 2822 Equidem
1126 2772 1174 2824 pu·

89 2568 193 2630 quoque
218 2561 311 2618 pacto,
328 2548 459 2628 ¹quisquis
487 2547 582 2602 modus

88 2819 217 2870 meridies.
248 2817 303 2870 Alii
315 2819 432 2880 meridie,
445 2815 515 2888 quod
526 2817 581 2887 pla·

51 2893 96 2936 cet
113 2885 183 2938 Oud-
204 2903 250 2954 pro
267 2887 380 2936 meridiei
392 2883 448 2938 scil.
466 2894 579 2956 tempus.

52 2952 124 3004 milri
142 2970 197 3003 non
215 2953 287 3003 item.

87 3023 222 3070 crateris.
240 3019 357 3070 Fuerunt
373 3027 457 3070 castra
475 3019 579 3071 Verein-

52 3087 193 3152 rctorigis,
210 3095 240 3138 nt
256 3104 312 3156 cap.
340 3102 372 3150 70
394 3093 459 3136 extr.
483 3085 579 3138 diserte

49 3154 187 3204 dicuntur.
214 3153 283 3204 Haec
300 3161 382 3205 castra
400 3151 503 3204 ibidem
520 3171 577 3204 mu-

50 3221 171 3271 nitiones
188 3219 372 3290 adpellantur,
390 3222 470 3271 etiam
487 3218 579 3273 dicun-

50 3295 98 3337 tnr
128 3288 238 3339 maceria
267 3296 295 3339 et
321 3288 406 3347 fossa,
430 3287 479 3338 snb
504 3305 577 3350 muro

53 3353 160 3406 Alesiae
188 3353 283 3412 (lucto,
313 3354 413 3406 dictum
439 3364 478 3406 est
495 3373 516 3406 c.
536 3359 576 3422 69.

48 3421 124 3472 Sunt
148 3421 226 3488 igitur
250 3421 465 3492 Vercingetorigis
492 3431 574 3473 costra

48 3489 109 3555 ipsa
127 3485 172 3539 ille
190 3488 301 3541 maceria
313 3497 340 3539 et
353 3489 428 3541 fossa.
447 3489 529 3560 Atqui
543 3489 576 3541 de

48 3553 101 3606 bac
128 3557 238 3607 macerie
261 3564 288 3606 et
313 3555 395 3616 losse,
423 3555 473 3608 sub
502 3573 576 3608 muro

47 3614 155 3672 Alesiae
180 3621 273 3681 docte,
295 3620 396 3673 dictum
421 3631 461 3674 ost
484 3641 505 3674 c
533 3625 575 3690 69.

46 3689 119 3740 Sunt
147 3688 225 3758 igitur
251 3687 466 3760 Vercingetorigis
492 3698 576 3742 costra

47 3757 107 3823 ipsa
123 3753 171 3806 illa
188 3755 296 3807 moceria
308 3765 335 3808 et
347 3757 422 3810 losse.
449 3757 505 3809 Hoc
516 3775 575 3825 ergo

46 3831 103 3882 est,
119 3841 138 3874 a
155 3826 247 3874 metris
262 3823 373 3894 profert.
407 3823 462 3877 Nee
479 3822 574 3891 video,

47 3906 95 3940 cur
113 3907 167 3942 non
185 3891 323 3960 potuerint
342 3890 455 3960 longurii
473 3899 500 3942 et
517 3909 575 3942 mu-

48 3955 113 4006 sculi
132 3965 159 4008 et
176 3956 276 4028 reliqua
288 3958 317 4008 in
330 3956 374 4010 illo
390 3958 540 4010 munitione
552 3977 573 4011 s.

47 4025 141 4076 castris
167 4042 221 4076 esse
245 4023 370 4076 fabricate
395 4034 422 4077 et
444 4026 573 4094 reposita:

45 4107 98 4141 nec
115 4091 204 4150 credo,
223 4093 273 4142 etsi
296 4092 491 4160 Vercingetorix
514 4109 574 4144 crim

46 4157 101 4208 suis
113 4159 144 4209 in
157 4157 288 4276 oppidum
306 4177 424 4212 reversus
437 4167 477 4210 est
488 4165 519 4224 (c.
530 4162 570 4212 82.

46 4229 148 4288 extu),
179 4243 256 4294 pane
284 4225 387 4277 nullum
413 4225 573 4296 praesidium

48 4288 140 4343 borum
154 4301 296 4344 castrorum
314 4292 430 4345 relictum
443 4313 511 4346 esre:
525 4297 572 4346 im·
603 4329 610 4344 .

46 4374 92 4407 mo
115 4375 201 4411 revers
226 4358 348 4412 relictum
372 4363 424 4412 snit
441 4365 520 4431 (cap.
538 4377 570 4426 70

650 2825 691 2878 to,
705 2819 726 2874 si
741 2819 800 2889 quis
814 2820 948 2890 superiore
961 2823 1060 2872 attente
1072 2819 1174 2890 legerit,

649 2903 708 2936 euru
725 2904 759 2938 ne
779 2883 961 2939 dubitaturum
985 2885 1092 2958 (laidem
1116 2906 1173 2942 esse

648 2948 781 3005 hocloco:
794 2971 843 3007 nec
859 2963 915 3006 tam
932 2951 1015 3006 multe
1031 2954 1172 3016 dixissem,

647 3021 700 3070 nisi
717 3027 758 3071 tot
775 3019 952 3074 dubitationes
970 3030 997 3072 et
1013 3021 1173 3074 emendatio·

647 3102 693 3205 ῃεὲ
705 3085 820 3206 prolatu
832 3089 999 3204 reperissent„
1010 3107 1105 3206 οῧηεεε1
1113 3087 1172 3142 illae

646 3169 757 3204 mene
788 3173 799 3204 s
872 3173 1010 3207 recuses
1054 3173 1106 3207 ercr
1133 3173 1173 3207 re-

646 3221 737 3288 torigis
755 3190 820 3292 quob
834 3171 935 3282 tdiberit,
956 3239 1009 3273 non
1028 3173 1172 3291 potueid’ut

645 3287 762 3358 adsequi.
786 3286 842 3340 Alii
859 3305 919 3355 ergo
938 3289 1094 3358 interpretes
1111 3291 1186 3341 cor-'

645 3351 785 3420 rigendum
801 3363 897 3433 putant
914 3354 1015 3408 locum:
1029 3373 1091 3406 nam
1105 3353 1171 3408 Gla-

645 3439 739 3472 reanus
757 3422 835 3488 dicit,
847 3441 864 3472 α
876 3427 967 3474 castris
985 3421 1055 3474 nibil
1066 3419 1099 3474 ad
1112 3440 1169 3475 seu·

645 3505 702 3540 sum
726 3489 825 3555 fecere,
847 3505 902 3540 esse
926 3507 986 3557 ergo
1009 3502 1109 3542 rastros
1132 3487 1170 3542 le·

660 3555 766 3608 undum.
779 3557 948 3608 Hotomenno
957 3555 1168 3626 placuit,-oontos

643 3573 734 3690 iegere.
751 3621 857 3694 Lipsius
874 3621 993 3686 (Poliorc.
1010 3639 1031 3683 ι,
1044 3627 1070 3688 9)
1083 3623 1169 3678 voluit

643 3687 734 3750 scribi,
746 3709 777 3742 ae
787 3702 884 3754 mater,
935 3689 970 3742 od
987 3699 1014 3741 et
1030 3688 1168 3743 Ciaoconio
1266 3711 1269 3722 ¹

642 3757 729 3808 visum
747 3766 801 3818 est,
818 3757 880 3827 quia
922 3757 1093 3824 emisgerorix
1111 3775 1168 3810 uon

642 3825 750 3886 eastris,
766 3822 813 3876 sed
835 3824 936 3942 oppido
953 3842 980 3876 se
997 3825 1168 3876 continuerit.

642 3889 764 3944 Ceterum
775 3900 864 3961 metap
886 3911 905 3944 r.
920 3891 1009 3946 Graec.
1020 3891 1057 3942 sic
1067 3908 1167 3961 expres·

641 3959 696 4009 sil:
723 3965 898 4030 Brpxrmr'rrfiuf
920 3961 991 4011 -r'x
1014 3969 1056 4021 τῆς
1082 3965 1166 4018 πόλεως

642 4027 731 4094 Ῑεὴγαγι
758 4033 783 4080 τὸ
809 4031 909 4096 strete&
935 4027 1087 4096 στράτευμα,
1113 4042 1163 4078 nec

642 4089 739 4146 diserte
756 4095 835 4146 vertit
854 4093 919 4145 illud
935 4111 952 4143 a
968 4095 1068 4142 castris.
1102 4091 1182 4146 Sive¹

641 4169 730 4212 eutem
747 4165 852 4221 castris,
870 4162 924 4212 sive
948 4178 965 4210 a
986 4161 1091 4220 castris,
1109 4159 1166 4211 sive

640 4245 654 4277 e
670 4232 761 4279 castris
779 4227 890 4296 legatur,
904 4227 951 4292 (ita
964 4227 1035 4277 enim
1050 4226 1165 4278 varietur
1234 4261 1238 4266 -

639 4292 748 4359 lectio,)
760 4294 789 4346 id
804 4293 873 4346 nihil
889 4293 997 4354 dissert,
1014 4309 1060 4344 nec
1077 4301 1117 4344 est
1133 4294 1164 4345 in

639 4359 690 4416 hee
706 4365 829 4418 varietate
852 4378 944 4416 mussa
965 4358 1086 4414 numdi
1101 4359 1164 4422 loci,

46 4431 134 4489 erin).
152 4423 256 4497 Quodsi
272 4426 392 4480 relictum
408 4437 463 4492 ost,
480 4437 569 4499 potire·
635 4429 675 4480 M.
