2986 5268
276 385 278 392 ’
380 423 460 482 nus.
493 423 563 482 vu.
598 335 690 484 cari
729 389 903 484 33-35.
1087 391 1177 496 261

117 623 180 711 34.
205 621 287 694 Ηοο
316 619 467 706 decreto
493 623 739 722 interposito,
765 624 984 698 cohortatus
1012 621 1190 714 Aeduos,

64 745 108 818 ut
136 740 476 812 controversiarum
504 765 547 811 ac
575 741 844 814 dissensionum
877 740 1190 820 obliviscerentur

66 861 207 950 atque,
233 854 404 925 omnibus
431 855 575 926 omissis
601 855 656 927 his
683 855 814 944 rebus,
841 855 927 928 huic
947 852 1044 926 bello
1071 857 1189 927 servi-

64 979 181 1059 rent,
207 994 345 1067 eaque,
372 995 466 1068 quae
485 973 731 1062 meruissent,
758 973 920 1072 praemia
940 971 986 1042 ab
1005 996 1064 1058 se,
1084 971 1190 1044 devi-

66 1093 132 1166 cta
159 1085 305 1174 Gallia,
332 1092 592 1184 exspectarent
625 1090 911 1186 equitatumque
953 1112 1102 1160 omnem
1142 1094 1182 1161 et

65 1202 237 1302 peditum
255 1203 367 1277 ,milia
392 1205 426 1276 X
452 1203 521 1278 sibi
552 1203 722 1278 celeriter
751 1207 975 1294 mitterent,
1015 1229 1110 1304 quae
1150 1207 1191 1278 in

66 1320 259 1420 praesidiis
286 1322 338 1394 rei
366 1320 631 1394 frumentariae
659 1347 789 1406 caussa
816 1323 1048 1422 disponeret,
1081 1347 1191 1396 exer*

68 1440 190 1511 citum
217 1440 255 1509 in
282 1437 372 1510 duas
401 1445 525 1536 partes
544 1437 693 1511 divisit:
720 1437 793 1511 Illl
820 1439 982 1540 legiones
1001 1442 1037 1514 in
1066 1436 1216 1514 Seno-'

69 1577 137 1625 nes
164 1553 395 1649 Parisiosque
421 1551 585 1626 Labieno
612 1551 800 1626 ducendas
828 1551 950 1640 dedit3
976 1557 1028 1629 Vl
1055 1555 1189 1653 ipsein

69 1673 285 1760 Aruernos,
312 1670 358 1742 ad
385 1667 564 1767 oppidum
583 1669 807 1768 Gergoviam
828 1670 1033 1744 secundum
1053 1668 1205 1764 llunieq

69 1783 210 1859 Elaver
236 1783 371 1872 duxit;
398 1785 584 1880 equitatus
612 1789 756 1880 partem
785 1783 833 1858 illi
870 1784 1074 1874 adtribuit,
1110 1811 1194 1884 par·

69 1903 152 1968 tem
179 1898 246 1970 sibi
274 1897 435 1996 reliquit.
461 1901 543 1989 Qua
579 1923 618 1969 re
659 1900 837 2000 cognita,
878 1901 1193 2000 Vercingetorix,

73 2012 248 2086 omuibus
266 2014 482 2110 interruptis
501 2014 578 2085 eius
597 2010 758 2086 fluminis
778 2014 973 2113 pontibus,
1001 2015 1048 2087 ab
1069 2013 1190 2098 altera

72 2127 244 2201 Elaveris
271 2137 376 2227 parte
403 2133 473 2202 iter
500 2127 621 2200 facere
649 2133 785 2230 coepit.

128 2243 190 2316 35.
217 2247 345 2338 Quum
371 2250 527 2342 uterque
555 2247 702 2344 utrique
722 2251 817 2318 esset
837 2245 1022 2318 exercitus
1040 2245 1078 2316 in
1097 2269 1193 2318 con-

76 2365 212 2454 spectu
238 2359 386 2457 fereque
414 2385 434 2432 e
460 2361 610 2459 regione
637 2366 759 2432 castra
795 2365 974 2459 poneret,
1009 2352 1220 2458 dispositis¹

77 2475 395 2574 exploratoribus,
434 2479 566 2552 necubi
594 2475 726 2551 effecto
750 2483 862 2574 ponte
888 2479 1048 2552 Romani
1064 2479 1194 2576 copias

72 2593 393 2678 transducerent,
420 2599 501 2666 erat
527 2593 563 2666 in
591 2593 736 2690 magnis
749 2593 895 2665 Caesari
911 2587 1194 2666 difficultatibus

71 2735 159 2798 res,
202 2735 246 2782 ne
273 2711 453 2782 maiorem
481 2711 631 2780 aestatis
658 2715 803 2806 partem
831 2707 982 2780 flumine
1008 2711 1196 2807 inpedire·-

72 2831 165 2920 rur,
202 2825 301 2926 quod
330 2848 403 2900 non
431 2823 505 2911 lere
533 2832 620 2908 ante
660 2831 886 2904 autumnum
921 2822 1056 2908 Elaver
1096 2825 1194 2898 vado

72 3009 144 3053 esset
166 3007 296 3068 ςερίστασις
323 2998 401 3068 plane
427 2997 602 3069 supervacua?¹
668 2997 856 3064 additamentis
883 2999 1009 3052 obrutum
1033 3019 1088 3058 esse
1112 3001 1196 3072 adpu-

72 3067 212 3120 lamberti
230 3067 298 3124 Bosii
316 3068 479 3126 coniectura,
498 3084 528 3117 ex
547 3067 601 3118 cius
668 3075 737 3127 reat,
749 3067 844 3138 ‹pribus
862 3069 966 3119 resectis
986 3070 1094 3118 fortasse
1108 3059 1196 3136 brimo

72 3136 208 3188 animadv.
232 3134 271 3186 ad
290 3135 363 3189 Caes.
390 3153 415 3204 p.
434 3149 474 3182 22.
492 3133 525 3185 ab
548 3135 618 3188 On·=
668 3133 747 3186 lectio
765 3137 871 3204 reperiri
891 3136 1004 3203 poterit,
1021 3153 1097 3204 quarn
1117 3137 1196 3188 luisse

72 3205 223 3274 (tendor-pio
241 3205 293 3256 iam
313 3201 427 3271 prolatu,
445 3205 601 3264 intermixtis
670 3209 735 3287 puto
758 3203 839 3254 hauc:
858 3203 942 3272 Qursm
965 3206 1092 3270 atrirnqne
1114 3215 1198 3254 essent

73 3271 281 3340 magistratibus,
298 3287 354 3327 rem
371 3269 505 3328 eumdem,
523 3287 602 3339 qnam
669 3289 697 3321 in
712 3287 772 3319 cons
791 3282 858 3327 eoru,
873 3276 929 3336 lere
940 3275 1032 3320 castris
1049 3281 1135 3319 castra
1153 3289 1197 3337 op-

72 3341 179 3390 lsi-,visit
203 3336 370 3406 emendabo,
395 3355 427 3390 ex
449 3337 530 3387 rimit.
563 3337 600 3385 M.
666 3289 801 3406 pnncbarll.
820 3327 1051 3416 Dispositis-Sic
1068 3341 1196 3416 utrirnque

73 3405 189 3460 llnbitnt
206 3405 273 3458 oud.
297 3423 330 3456 an
355 3421 408 3456 uon
429 3355 604 3458 latiomorere*
670 3402 830 3473 explicatum
855 3413 898 3456 est
923 3404 1063 3473 adscriptis
1089 3403 1197 3464 verbis,

72 3475 160 3525 valere
180 3474 263 3542 possit
280 3473 426 3527 admittere.
669 3485 775 3540 uterque
793 3477 930 3530 exercitum
943 3481 970 3521 et
981 3488 995 3518 e
1006 3475 1108 3540 regione
1123 3471 1197 3542 quale

109 3544 151 3591 :trs-
174 3541 253 3590 rebus.
289 3541 356 3592 Oud.
383 3539 499 3592 restituit
523 3537 563 3593 tis
588 3557 602 3590 ο
669 3539 705 3589 sit
721 3539 950 3607 glossema,facile
964 3537 1128 3605 intelligitur.
1148 3538 1198 3604 Op·

72 3609 154 3664 codd.
173 3617 200 3660 et
216 3607 276 3660 cdd.
294 3616 358 3658 vett.
667 3624 763 3674 ponere
791 3616 831 3656 est
855 3627 868 3657 n
896 3607 1004 3675 Lipsio:
1022 3605 1097 3657 codd.
1125 3607 1198 3670 enim

109 3679 238 3726 Eteoelis.
261 3673 317 3726 lloc
334 3682 374 3726 est
390 3673 602 3738 additamentum
670 3672 777 3724 verbum
790 3673 902 3746 simplex
912 3690 1008 3739 potiere
1021 3671 1130 3736 habeut.¹
1147 3671 1196 3723 Ce-

71 3744 214 3797 recentins.
233 3743 326 3794 Caesar
344 3741 542 3812 scr·ipscrat,al›
559 3741 602 3790 al·
670 3749 756 3808 terum
779 3758 827 3809 que
847 3751 906 3810 post
922 3741 984 3810 sere
1009 3739 1085 3791 abest
1102 3758 1115 3787 n
1135 3741 1196 3790 rui-

73 3827 132 3866 tae-u
148 3823 239 3880 purte:
257 3810 322 3874 alins
341 3809 437 3861 deiudc
459 3808 603 3878 explicavit
670 3806 795 3868 hundam,
819 3817 846 3860 et
868 3807 997 3878 ponebant
1023 3808 1050 3856 iu
1078 3759 1197 3888 pluribus

73 3882 128 3939 sic,
142 3881 175 3928 ab
188 3879 273 3928 alteru
281 3879 402 3946 flammis
417 3888 507 3944 parte:
523 3875 601 3942 allus,
670 3873 772 3945 legitur.
791 3875 833 3926 M.
853 3875 882 3926 lu
901 3874 993 3926 multis
1007 3873 1084 3925 oodd.
1098 3883 1125 3924 et
1136 3873 1196 3926 edd.

73 3949 107 3998 ab
125 3947 211 3996 ultera
226 3945 347 3996 Elaveris
362 3957 452 4012 partu
466 3961 527 4008 uam
541 3941 603 3994 haec
671 3950 735 3993 vett.
755 3947 784 3992 le.
797 3947 857 4003 rtut,
876 3943 959 4011 (tuum
981 3953 1087 4010 uterque
1111 3945 1197 3990 umin-

74 4023 117 4065 est
134 4013 245 4064 varietas
263 4013 404 4084 scripturae
427 4011 454 4064 in
473 4009 499 4062 h.
518 4009 535 4062 l.
554 4010 602 4061 Vi·
670 4013 854 4078 quaesissent.
881 4011 969 4061 Morus
987 4007 1095 4072 dederat
1112 4027 1125 4058 e
1142 4027 1195 4077 reg.

74 4081 155 4134 detur
172 4078 363 4150 Oudendorpio
376 4077 447 4132 idern
459 4077 603 4148 placuisse,
670 4081 762 4128 castris
778 4088 863 4128 castra
879 4097 906 4145 p.
924 4077 968 4128 Sic
985 4085 1012 4127 at
1028 4075 1139 4126 (ludin
1155 4075 1196 4126 ed.

74 4151 126 4202 etsi
148 4146 264 4200 lluctuat.
282 4147 320 4196 M.
401 4141 403 4148 '
671 4145 757 4222 priore
773 4149 832 4196 cum
856 4143 986 4212 Scaligcro
1009 4153 1037 4198 er
1059 4141 1132 4198 aliis,
1151 4141 1198 4195 sed

111 4217 198 4333 (laum
214 4222 486 4284 uterque—poneret.
534 4210 603 4262 'Pan
671 4229 700 4262 ru
723 4211 764 4263 ed.
789 4213 932 4286 posteriore
957 4219 1026 4273 recte
1053 4216 1077 4264 τὲ
1104 4213 1197 4261 castres

75 4303 120 4334 mu
136 4281 220 4352 tiplex
237 4281 285 4333 'est
309 4279 336 4332 h.
355 4279 373 4331 l.
390 4282 518 4344 varietas,
539 4276 603 4340 dili-
672 4277 771 4348 omisit.
797 4287 798 4290 ’

74 4362 168 4418 genter
196 4347 313 4400 enarratu
339 4347 372 4398 ub
396 4343 603 4414 Oudeurlorpio,
705 4343 1199 4419 nonssreante.Cod.l.eid.nonfirc

75 4425 107 4468 nt
123 4417 226 4487 vulgata
248 4414 324 4468 lectio
349 4435 402 4466 non
428 4414 512 4485 possit
533 4417 603 4464 c'crto
671 4416 721 4472 nisi
738 4423 806 4480 anto,
832 4415 916 4464 Suusn
934 4412 1034 4472 codam.
1062 4411 1093 4462 ln
1110 4423 1199 4463 caussa

77 4486 165 4558 piria
187 4482 297 4539 Caesare
319 4485 448 4552 prolecta,
470 4489 497 4532 et
520 4481 605 4546 locum
672 4483 746 4536 uivus
764 4481 794 4536 ln
811 4480 946 4534 montibus
966 4481 1130 4550 uqnclircme.
