3026 5264
415 391 494 448 nm.
528 391 554 450 1.
600 373 691 452 cae.
728 393 769 451 2.
809 358 850 451 3.
1081 359 1175 456 363

64 593 163 694 peius
190 597 301 689 atque
327 591 366 664 in
392 599 585 690 posterum
610 594 831 682 confirmat,
855 597 1041 694 segniores
1060 600 1175 672 easti-

65 719 125 809 gat
151 715 262 806 atque
289 709 436 781 incitat.
478 711 587 782 Multi
616 711 778 808 undique
797 735 843 784 ex
863 715 1049 788 veteribus
1063 717 1172 789 Pom-

63 825 129 920 peii
156 822 382 894 exercitibus
408 848 470 920 spe
497 825 749 921 praemiorum
763 831 875 923 atque
895 827 1069 902 ordinum
1084 855 1172 902 evo-

63 947 214 1016 cantur:
234 939 343 1013 multi
362 964 409 1048 etr
422 939 567 1012 duabus
586 939 815 1040 legionibus,
834 967 929 1040 quae
949 951 1037 1018 sunt
1052 951 1173 1018 trans·

63 1057 157 1130 ditae
176 1083 197 1130 a
216 1059 394 1146 Caesare,
408 1056 668 1129 arcessuntur:
688 1055 900 1155 completur
914 1060 1002 1133 urbs
1025 1067 1063 1134 et
1093 1063 1172 1134 eius

63 1173 255 1244 comitium
271 1171 467 1261 Tribunis,
494 1171 784 1244 Centurionibus
811 1175 989 1248 evocatis.
1026 1175 1167 1248 Omnes

62 1289 168 1360 arnici
195 1288 426 1379 Consulum,
454 1289 649 1380 necessarii
674 1289 842 1386 Pompeii
861 1295 975 1386 atque
1011 1314 1168 1381 eorum,

62 1403 120 1497 qui
149 1407 293 1474 veteres
318 1403 532 1476 inimicitias
574 1425 660 1476 cum
697 1403 853 1476 Caesare
889 1404 1093 1502 gerebant,
1133 1406 1172 1478 in

62 1519 236 1592 Senatum
277 1527 489 1616 coguntur,
524 1541 686 1616 quorum
725 1519 882 1593 vocibus
916 1526 955 1594 et
980 1545 1163 1595 concursu

61 1639 246 1710 terrentur
270 1635 510 1724 infirmiores,
542 1633 644 1706 dubii
673 1634 960 1727 confirmantur,
986 1637 1169 1737 plerisque

61 1773 146 1822 vero
164 1749 278 1823 libere
309 1749 530 1822 decernendi
563 1755 727 1847 poteslas
754 1751 921 1848 eripitur.
972 1751 1172 1828 Pollicetur

60 1869 98 1942 L.
123 1869 206 1939 Piso
240 1867 404 1956 Censor,
430 1889 508 1938 sese
535 1867 679 1939 iturum
704 1865 752 1938 ad
777 1867 992 1954 Caesarem,
1017 1867 1106 1941 item
1125 1871 1168 1940 L.

60 2079 129 2134 esse?
145 2079 220 2134 Talia
238 2098 291 2132 nou
309 2087 374 2150 pnto
391 2079 484 2148 corrigi
496 2078 574 2132 debe·
646 2079 729 2144 tirou,
758 2087 785 2130 et
811 2098 858 2150 pro
884 2080 964 2132 Curio
991 2081 1019 2132 iu
1040 2079 1171 2162 plerisque

59 2167 92 2200 re.
109 2147 208 2200 Eodem
225 2147 304 2198 modo
321 2155 476 2214 argutantur
494 2147 574 2196 inter·
647 2151 687 2197 est
705 2147 836 2198 Centurio.
860 2147 928 2200 Nolo
947 2149 1107 2202 coniecturas
1126 2169 1171 2202 ru-

59 2227 141 2284 pretes
152 2217 179 2266 in
198 2215 368 2284 sequentibus
381 2213 486 2266 verbis:
505 2213 574 2265 Lau-
648 2221 808 2281 terprctum,
826 2212 860 2266 ab
878 2213 949 2265 Oud.
965 2214 1110 2278 conlectus,
1127 2237 1171 2269 re-

58 2283 101 2333 dut
118 2283 210 2350 Pomp.
228 2294 305 2348 atque
327 2286 353 2332 in
369 2300 395 2350 p.
417 2283 572 2356 confirmat:
647 2290 753 2349 petere:
780 2299 859 2332 uuam
879 2281 994 2338 addant,
1019 2300 1099 2352 quam
1125 2283 1171 2336 illo

60 2350 86 2400 in
114 2348 213 2419 quibus
241 2367 318 2400 nemo
348 2348 451 2399 haerere
477 2357 572 2420 potest.
646 2349 688 2398 vir
709 2345 799 2398 doctus
816 2365 871 2398 nou
890 2349 984 2426 potnit
1001 2347 1135 2416 indicare,
1153 2371 1168 2402 e

59 2415 154 2468 'l'auren
166 2415 226 2468 edd.
239 2415 367 2486 quaedam
378 2416 492 2468 ltalteut:
506 2416 573 2466 Lun-
647 2414 792 2466 Christiani
809 2415 897 2466 Crusir
914 2413 1100 2468 l'rolrubilrbus
1117 2417 1167 2468 cri-

59 2481 101 2532 dar
108 2497 225 2552 pronitas
237 2496 314 2552 utque
321 2511 361 2532 -.
370 2481 447 2535 Alius
458 2480 571 2535 maluit:
647 2482 735 2544 tieis·(
747 2499 774 2551 p.
794 2486 861 2546 ao),
880 2481 928 2552 qui
945 2481 995 2551 legi
1011 2481 1085 2534 vult:
1103 2501 1169 2534 eom·

60 2549 156 2602 laudnt
167 2569 240 2601 acres
251 2563 328 2619 atquc
341 2579 381 2599 -.
393 2551 490 2602 Rursus
502 2549 573 2602 Mar·
642 2548 731 2614 pletur
752 2549 811 2599 urbs
833 2561 856 2599 ct
875 2553 902 2600 t'n
918 2553 1046 2600 consitium
1071 2551 1167 2604 Tribu-

58 2616 160 2670 claudus
172 2617 259 2670 voluit
275 2617 341 2685 legi:
359 2617 462 2668 Laudat
475 2617 573 2668 alteros
647 2634 695 2666 nos
718 2613 755 2681 pt.
782 2615 812 2678 C.
839 2616 918 2667 Curr'o
943 2631 1046 2678 evocat,
1074 2637 1109 2670 sc.
1136 2627 1167 2670 ut

58 2697 130 2751 arque
141 2689 181 2735 -“-.
209 2685 294 2754 Quasi
316 2701 375 2736 vero
400 2701 454 2736 uon
479 2691 574 2754 sponte
647 2681 762 2735 Tribuni
779 2684 808 2733 in
830 2685 938 2736 comitio
955 2693 1015 2736 ante
1039 2683 1169 2737 delibera-

58 2751 196 2822 adpareat,
222 2753 244 2804 si
266 2755 393 2822 segniores
417 2753 472 2802 sint
493 2751 571 2803 casti·
647 2760 720 2813 rent,
732 2753 931 2820 quamSenatus
950 2749 1097 2804 haberetur.
1114 2752 1168 2806 sed

58 2819 121 2884 gali,
139 2839 198 2880 eos,
217 2819 262 2889 qui
279 2817 379 2871 laudati
396 2819 466 2877 sint,
491 2818 573 2870 luisse
648 2829 732 2888 puto,
758 2815 846 2868 locunt
863 2815 933 2870 hunc
950 2835 1004 2870 non
1021 2837 1097 2889 posse
1115 2839 1167 2871 uo-

58 2902 72 2934 n
98 2886 257 2956 segnioribus
284 2885 410 2938 diversos.
436 2885 473 2934 Μ.
503 2885 573 2936 Loco
647 2887 708 2936 stris
720 2885 875 2937 coniecturis
913 2885 970 2936 lane
983 2888 1087 2938 sanari:
1106 2905 1169 2938 nam

59 2963 95 3007 ssi
117 2972 202 3006 omnes
220 2953 322 3004 lorinus
343 2952 407 3003 velit
425 2956 573 3016 primores,
647 2961 802 3004 enarrantur
818 2904 932 3019 singuline
949 2971 1008 3014 res,
1027 2971 1093 3024 quae
1112 2961 1168 3006 tum

58 3024 99 3088 qui
121 3033 179 3072 sunt
205 3027 258 3072 eius
282 3020 390 3071 ordinis.
409 3027 442 3076 Ti
456 3033 574 3136 fromtos
647 3029 808 3078 evenerunt,
827 3037 957 3088 quaenon
977 3030 1090 3088 possunt
1101 3021 1169 3072 aliae

58 3087 128 3140 unice
156 3107 249 3140 verum
285 3096 361 3155 putat
388 3085 519 3138 Benteius
547 3095 574 3137 et
648 3104 679 3136 es
703 3083 761 3136 aliis
785 3086 900 3153 intelligi
919 3089 954 3138 ito
973 3097 1002 3136 ut
1020 3090 1169 3140 coniectura

58 3155 326 3222 apteotat't'ueitum
343 3155 371 3204 iu
389 3155 476 3222 Agric.
492 3171 513 3205 r.
533 3169 572 3207 21·
645 3169 725 3204 unam
748 3169 778 3202 ex
804 3151 884 3205 altera
901 3161 976 3204 eruat
983 3167 993 3217 ;
1016 3163 1044 3204 et
1068 3156 1166 3216 oratio,

57 3219 162 3273 Italum
180 3221 306 3274 iudicarat
324 3221 443 3272 Ciaocon.
574 3285 577 3290 ἱ
646 3239 694 3290 per
711 3219 790 3271 incisa
814 3237 987 3298 procurrens,
1014 3218 1063 3271 lsoc
1081 3223 1168 3292 ipsum

88 3290 207 3340 ordinum
223 3301 366 3339 evocantur.
390 3287 444 3340 vid.
467 3285 526 3338 lud.
544 3285 573 3338 in
646 3285 776 3346 declarat,
800 3286 914 3356 singulas
940 3289 1079 3356 repensione
1110 3289 1168 3339 sin-

56 3351 96 3405 lris
113 3355 218 3409 duobus
235 3354 330 3408 vorbis.
349 3355 387 3404 M.
645 3353 711 3417 malis
724 3351 849 3404 membris
867 3371 1001 3424 expressas
1019 3373 1081 3405 esse.
1099 3353 1166 3422 Quis

86 3423 180 3476 duabus
206 3423 351 3492 legionibus.
374 3421 452 3472 Cous.
476 3423 503 3479 8,
532 3423 571 3472 58.
646 3439 705 3488 ergo
723 3420 794 3472 ausit
810 3419 897 3472 dicere
915 3439 1046 3490 quaenam
1058 3423 1166 3492 potissi-

56 3486 96 3538 M.
647 3505 720 3538 mum
747 3495 878 3556 πρίω-ταας
908 3489 936 3538 ln
961 3487 1048 3540 verbis
1077 3505 1167 3540 corru-

85 3555 225 3626 complerur
241 3557 308 3606 tals.
326 3555 426 3608 Utrurn
443 3553 494 3606 lroo
506 3552 571 3616 vult,
668 3556 701 3606 tis
725 3553 826 3605 lateat?
848 3555 886 3604 M.
909 3553 931 3605 E
948 3556 1026 3606 variis
1044 3553 1168 3608 lectioni·

55 3641 143 3674 omncs
161 3624 190 3674 in
210 3621 303 3674 urbem
327 3623 477 3688 confugisse
499 3631 572 3673 metu
646 3573 898 3674 llusOud.coulecit
912 3620 1068 3682 lectionem,
1087 3639 1167 3691 quam
1216 3665 1219 3678 ,

55 3689 221 3742 arlrentantis
238 3688 379 3742 Caesaris?
395 3694 457 3748 Au,
475 3689 571 3740 militi·
625 3745 627 3750 ,
646 3690 740 3759 recepi.
757 3687 858 3742 Similis
878 3689 931 3740 fere
949 3687 1020 3741 locus
1037 3697 1078 3740 est
1097 3688 1167 3758 apud

56 3754 102 3807 hus
134 3757 253 3826 Pompeii
290 3755 382 3808 urbem
413 3774 470 3808 com
493 3757 572 3808 letam
645 3757 700 3808 Cir.
719 3775 767 3826 pro
784 3756 875 3808 Sextio
897 3773 920 3806 c.
938 3753 979 3805 35.
990 3755 1105 3826 sorum,
1123 3773 1168 3806 oo-

57 3822 157 3876 fuisse?
184 3825 303 3893 Appiau.
332 3842 366 3885 2,
395 3826 436 3878 33.
491 3825 570 3884 tiam,
645 3827 762 3888 antean,
785 3827 881 3874 curiam
899 3827 1008 3874 armatis
1025 3821 1169 3873 hominibus

56 3907 116 3960 quae
127 3901 290 3962 sequuntur,
309 3891 406 3944 incerta
423 3899 450 3941 et
467 3889 572 3944 obscura
645 3890 822 3960 inplevisscrrt,
839 3902 1006 3958 occupassent.
1020 3889 1165 3940 Comitium

56 3966 130 4008 suut:
154 3977 216 4010 nam
234 3957 332 4024 vulgata
352 3957 429 4009 lectio
454 3958 515 4021 (Aa
531 3957 585 4008 ins¹
645 3967 701 4009 erat
718 3957 789 4008 locus
807 3957 834 4008 in
854 3957 931 4022 loro,
947 3957 1062 4008 comitiis
1078 3957 1165 4006 curia·

55 4027 212 4076 comitiorum
230 4026 354 4076 Tribunos
371 4025 451 4092 plebis
469 4023 499 4074 G.
518 4024 572 4073 Cu·
646 4026 679 4076 tis
697 4032 723 4074 et
740 4023 799 4076 aliis
816 4024 923 4093 agendis
940 4021 1099 4076 destinatus·

55 4093 94 4168 rio
123 4095 230 4154 ernust)
259 4099 299 4143 ost
328 4111 359 4143 ex
388 4089 571 4144 emendatione
676 4112 763 4169 meh·
780 4115 837 4170 Alii
853 4117 942 4169 mm·

55 4165 248 4228 taterpretum,
267 4167 293 4210 et
306 4167 393 4226 potest
409 4178 422 4210 c
439 4177 460 4210 c.
479 4177 493 4226 9
527 4177 571 4208 uo·

56 4223 195 4277 dammodo
212 4225 334 4288 defendi,
356 4225 420 4288 ubi,
441 4233 470 4276 ut
487 4177 569 4276 tilers
678 4225 708 4276 I..
737 4225 822 4290 Piso,
859 4223 958 4275 Censor
986 4237 1046 4274 oum
1076 4221 1166 4292 Appio

56 4294 161 4344 comitia
179 4291 277 4362 populo
296 4295 495 4362 permittantur,
505 4293 570 4344 Cae·
644 4293 780 4358 Claudio,
804 4291 925 4360 idemque
947 4309 1019 4342 soree
1041 4289 1166 4341 (laesuris.

56 4375 94 4408 sm
118 4359 245 4428 postulat.
270 4359 320 4412 Sed
353 4360 469 4430 plerique
493 4359 568 4410 codd.
644 4360 782 4418 cellarius.
801 4359 881 4412 Coul'.
901 4358 952 4410 Dio
970 4358 1042 4412 Cass.
1063 4367 1106 4424 40,
1125 4358 1166 4408 63.

55 4421 152 4481 lrabeat
166 4427 306 4498 completur
322 4429 380 4482 uu
398 4433 486 4482 eteius
499 4430 571 4488 rand·
650 4427 686 4476 Μ.
