3026 5264
1074 340 1169 448 361·

51 579 326 668 contentione,
354 583 398 652 ut
422 581 460 654 in
486 565 628 655 Senatu
652 583 988 658 recitarentnrtut
1006 607 1097 660 vero
1123 611 1171 660 ex

52 695 192 770 litteris
220 696 268 769 ad
293 697 474 770 Senatum
487 697 729 790 *refer-retur,
767 702 944 799 inpetrari
985 727 1058 776 non
1100 731 1170 804 po·
1254 703 1256 706 ’

53 812 144 884 tuit.
193 811 375 885 Referunt
395 811 575 886 Consules
592 814 636 888 de
651 813 856 912 Republica
876 815 1114 912 (incivitate
1132 817 1167 914 )

51 925 99 998 L.
125 925 309 999 Lentulus
335 927 475 1000 Consul
500 930 642 1002 Senatu
668 930 811 1026 Reique
839 927 1010 1028 publicae
1036 954 1170 1004 senon

52 1043 275 1118 defuturum
302 1043 528 1144 pollicetur,
553 1047 582 1118 si
610 1046 789 1120 audacter
816 1071 859 1120 ac
894 1045 1043 1120 fortiter
1086 1075 1173 1121 sen-

54 1161 195 1234 tentias
222 1160 343 1234 dicere
371 1157 517 1234 velint:
544 1161 601 1235 sin
629 1163 822 1236 Caesarem
843 1164 1042 1264 respiciant
1058 1173 1172 1262 atque

53 1279 137 1350 eius
173 1277 330 1378 gratiam
370 1283 599 1376 sequantur,
636 1286 681 1352 ut
721 1280 974 1384 superioribus
1008 1282 1168 1358 fecerint

53 1395 314 1494 temporibus,
340 1417 378 1468 se
405 1394 474 1469 sibi
501 1393 697 1468 consilium
723 1403 923 1496 capturum
951 1423 1071 1496 neque
1102 1402 1167 1474 Se·

55 1516 168 1584 natus
194 1509 413 1585 auctoritati
440 1509 808 1609 obtemperaturum
834 1511 971 1584 habere
997 1537 1036 1585 se
1072 1537 1170 1612 quo-

57 1647 131 1722 que
156 1625 205 1698 ad
230 1627 396 1700 Caesaris
421 1625 583 1723 gratiam
609 1631 723 1724 atque
744 1625 950 1698 amicitiam
965 1631 1174 1724 receptum.

56 1743 100 1814 ln
115 1742 287 1816 eamdem
301 1742 526 1816 sententiam
550 1739 718 1840 loquitur
730 1742 872 1842 Scipio:
899 1743 1078 1841 Pompeio
1095 1767 1173 1816 esse

56 1855 256 1947 inanimo,
282 1854 522 1956 Reipublicae
542 1879 618 1930 non
637 1855 781 1946 deesse,
805 1857 835 1930 si
858 1855 1017 1930 Senatus
1036 1879 1172 1954 sequa-

57 1978 149 2060 tur3
175 1974 230 2046 sin
259 1979 479 2062 cunctetur,
504 1977 618 2069 atque
645 1979 734 2074 agat
756 1971 894 2062 lenius,
919 1972 1178 2072 nequidquam

58 2087 387 2178 eiusauxilium,si
407 2093 536 2187 postea
551 2085 665 2178 velit,
685 2089 870 2161 Senatum
883 2083 1172 2184 inploraturum.

116 2225 152 2272 2.
178 2202 281 2276 Haec
307 2201 490 2301 Scipionis
517 2201 664 2291 oratio,
690 2201 791 2299 quod
825 2201 984 2274 Senatus
1018 2200 1057 2272 in
1084 2200 1176 2274 urbe

58 2317 273 2392 habebatur
297 2317 569 2418 Pompeiusque
596 2317 750 2410 aderat,
776 2341 822 2392 ex
848 2317 961 2416 ipsius
988 2341 1052 2390 ore
1067 2318 1179 2390 Pom·

62 2437 121 2535 pei
143 2439 247 2510 mitti
277 2436 486 2512 videbatur.
537 2437 697 2510 Dixerat
723 2433 855 2534 aliquis
881 2432 1056 2506 leniorem
1092 2459 1179 2508 sen-

63 2550 250 2642 tentiam,
275 2557 321 2626 ut
346 2553 468 2652 primo
493 2553 546 2624 M.
570 2548 796 2638 Marcellus,
820 2550 1004 2648 ingressus
1030 2549 1068 2621 in
1094 2572 1179 2621 eam

63 2669 304 2762 orationem,
329 2695 405 2743 non
432 2675 604 2768 oportere
630 2674 717 2740 ante
744 2667 789 2739 de
816 2689 860 2739 ea
878 2689 917 2739 re
935 2665 982 2738 ad
996 2666 1179 2740 Senatum

64 2785 223 2876 reterri,
249 2811 364 2886 quam
391 2784 547 2858 dilectus
572 2789 656 2858 tota
681 2782 789 2856 ltalia
805 2782 922 2856 habiti
941 2787 981 2856 et
995 2783 1182 2856 exercitus

65 2903 267 3002 conscripti
294 2906 444 2992 essent3
472 2923 547 2998 quo
572 2898 756 2999 praesidio
784 2903 871 2971 tuto
898 2903 936 2970 et
970 2895 1084 2970 libere
1111 2899 1182 2969 Se-

65 3025 208 3110 natus,
234 3044 329 3118 quae
357 3016 497 3107 vellet,
523 3015 720 3090 decernere
746 3013 928 3087 auderet:
956 3019 1000 3086 ut
1034 3015 1086 3087 M.
1113 3013 1183 3089 Ca,

65 3131 203 3224 lidius,
229 3134 292 3232 qui
320 3131 521 3222 censebat,
547 3135 592 3204 ut
617 3129 817 3230 Pompeius
842 3130 881 3202 in
908 3151 993 3200 suas
1027 3127 1184 3224 provin-

389 377 469 438 Lllt.
504 382 529 438 1.
565 381 668 440 cue..
702 383 737 441 1.
774 385 817 442 2.

100 3449 135 3482 ex
157 3429 269 3489 litteris,
298 3445 327 3480 es
351 3427 384 3480 dc
405 3445 452 3490 re,
475 3445 542 3500 quac
559 3425 590 3478 iu

64 3498 165 3552 litteris
181 3495 278 3566 scriptu
295 3503 357 3547 erat.
377 3494 418 3546 M.

100 3607 130 3656 in
156 3605 264 3654 uvirau.
294 3597 387 3653 Multis
418 3599 481 3654 baec
511 3597 591 3652 rerba

67 3679 190 3744 nupsero
205 3676 285 3732 suut,
303 3668 379 3738 quasi
395 3686 410 3719 a
428 3667 535 3720 librario
547 3669 591 3718 iu·

67 3745 159 3818 certer,
181 3737 244 3806 quia
268 3735 362 3788 Cacsar
379 3735 467 3853 potiuis
488 3740 515 3819 in
532 3735 593 3813 urta

68 3805 365 3950 diffinibilis
387 3811 593 3948 difficili

69 3939 226 4010 obpourtur.
270 3936 408 3991 Cetloriru.
441 3937 593 3992 Craccomns

70 4009 129 4060 sine
154 4005 308 4060 necessitate
332 4003 460 4058 substitui
487 4003 594 4056 volebat

70 4071 206 4143 indefinite
228 4071 270 4124 vel
286 4071 401 4143 infinite,
421 4070 492 4142 quod
508 4071 595 4141 place-

70 4139 120 4194 bat
144 4139 322 4192 Ratumenna.
347 4139 439 4192 Petrus
460 4137 542 4190 Faber
559 4135 594 4188 ad

71 4211 128 4262 Cic.
146 4205 226 4260 Acad.
245 4223 280 4268 2,
303 4211 325 4257 5.
343 4212 452 4260 inarare.
477 4205 595 4258 luriuius

72 4276 124 4346 legi
142 4273 216 4326 iubet
231 4273 267 4326 ad
284 4273 416 4328 Senatum.

107 4369 231 4424 demto
242 4367 367 4438 collegam
377 4367 473 4421 babuit
483 4367 514 4420 C.
525 4365 597 4420 illar-

73 4439 191 4502 cellum,
207 4455 251 4490 an.
270 4441 318 4502 7⁰⁵
336 4435 365 4488 P.
380 4437 414 4489 .V.
431 4437 463 4489 C.
480 4435 522 4489 M.

732 3435 760 3476 ct
782 3424 871 3476 teninn
893 3422 939 3478 Sic
959 3431 987 3477 ct
1008 3422 1067 3477 Lir.
1085 3421 1122 3488 3,
1143 3423 1187 3479 31.
1230 3415 1239 3436 ⁸

721 3528 727 3542 .
745 3491 797 3560 lug.
815 3495 856 3542 to.

697 3601 855 3654 Senammin
874 3601 925 3654 lor.
938 3609 971 3659 'ro'
980 3603 1103 3654 Senatum
1116 3602 1189 3656 male

664 3675 839 3740 exponxtrac
860 3671 947 3722 'tores
960 3670 1103 3724 Revocavit
1114 3669 1185 3726 Oud.

699 3785 766 3840 Pom
784 3789 836 3838 eius
864 3783 973 3848 oderat,
1002 3787 1032 3838 iu
1060 3785 1188 3840 suburbio

666 3862 728 3908 erat.
778 3855 804 3905 io
825 3853 897 3906 Cass.
920 3863 972 3918 tr,
999 3871 1024 3905 2.
1048 3853 1187 3906 Celtarum.

666 3921 825 3982 Manutius,
847 3919 980 3974 Victorius
1002 3920 1034 3972 V.
1056 3919 1088 3972 L.
1106 3921 1138 3982 3,
1163 3936 1186 3970 r.

667 3998 695 4042 ct
711 3989 756 4042 alii
773 3987 840 4042 male
857 3989 954 4040 aberat.
973 3985 1004 4038 lu
1022 3985 1099 4041 codd.
1116 3987 1190 4040 Cinc-

666 4057 739 4109 couii
760 4065 786 4107 et
809 4055 905 4108 Mureti
927 4053 973 4120 (V.
996 4053 1028 4106 L.
1055 4071 1105 4116 ro,
1123 4057 1188 4116 ao.)

667 4121 763 4188 legino
779 4135 886 4184 uenat,
940 4121 974 4176 od
990 4130 1080 4174 ortum
1093 4129 1191 4191 putant

669 4209 737 4244 exn.
755 4203 869 4252 uerat,
886 4209 902 4240 a
938 4191 1022 4241 urbem
1039 4189 1188 4242 omasum·

669 4259 706 4310 sic
724 4264 749 4313 rt
766 4257 859 4308 aderat
875 4266 916 4310 est
932 4253 1099 4327 capiendum.

701 4363 734 4414 de
756 4379 787 4414 ea
809 4379 845 4414 re.
863 4361 907 4416 Sic
927 4359 1004 4414 codd.
1022 4357 1075 4414 sed
1091 4357 1189 4428 vulgo,

669 4431 701 4484 de
717 4429 861 4500 Republica·
879 4427 922 4483 M.

178 4533 336 4608 CAESAR.
362 4530 558 4606 Commeat.
584 4530 692 4602 Tom.
718 4526 748 4599 I.
969 4523 1046 4608 Zz⁵
