3040 5264
294 253 356 346 88
690 273 746 344 oh
781 280 915 344 nunno
950 279 1072 346 oum.
1134 352 1141 386 χ
1511 255 1513 386 l

270 475 275 501 ¹
294 485 514 588 magnisque
540 509 628 560 cum
652 490 823 586 portoriis
843 470 1070 561 mercatores
1087 485 1140 560 ire
1159 491 1426 572 consuerant,
1512 393 1513 474 i

295 601 462 700 patefieri
491 587 652 674 iolcbat.
684 603 782 674 Huic
810 605 997 700 permisit,
1025 607 1055 674 si
1082 625 1175 699 opus
1203 627 1282 672 esse
1310 601 1427 672 arbi·
1512 627 1513 698 j

296 725 483 807 trarelur,
512 718 565 790 uti
594 719 631 790 in
658 720 709 790 eis
734 717 826 790 locis
853 718 1037 820 legionem
1067 717 1254 790 hiemandi
1283 741 1432 790 caussa
1512 699 1513 718 ³

298 835 525 910 conlocaret.
567 834 708 919 Galba,
737 833 907 906 secundis
935 833 1081 932 aliquot
1107 834 1254 934 proeliis
1281 834 1432 920 factis,

220 985 223 990 ·
300 947 534 1046 castellisque
554 947 809 1047 compluribus
825 973 956 1021 eorum
976 951 1217 1048 expugnatis,
1234 949 1358 1020 missis
1376 945 1433 1018 ad

299 1092 386 1139 eum
406 1067 569 1164 undique
588 1064 719 1166 legatis
738 1065 1000 1162 obsidibusque
1019 1065 1115 1137 dalis
1134 1072 1172 1138 et
1190 1089 1281 1164 pace
1302 1065 1433 1152 facta,
1512 1141 1513 1146 χ

301 1181 526 1267 constituit,
561 1180 726 1251 cohortis
754 1179 845 1251 duas
870 1179 909 1251 in
935 1173 1189 1252 Nantuatibus
1215 1177 1431 1250 conlocare

304 1299 345 1366 et
373 1297 447 1391 ipse
476 1317 561 1363 cum
591 1292 739 1391 reliquis
762 1295 840 1366 eius
865 1292 1019 1391 legionis
1038 1293 1258 1397 cohortibus
1278 1295 1316 1364 in
1338 1293 1432 1364 vico

302 1411 583 1508 Veragrorum,
617 1411 678 1506 qui
714 1409 921 1510 adpellalur
956 1407 1193 1496 Octodurus,
1225 1409 1431 1480 hiemare:

304 1528 367 1625 qui
395 1529 500 1597 vicus
528 1527 668 1622 positus
695 1526 733 1598 in
757 1525 875 1614 valle,
901 1551 975 1598 non
1002 1551 1138 1626 magna
1167 1525 1314 1598 adiecta
1345 1526 1434 1624 pla-

305 1645 424 1727 nicie,
444 1639 631 1714 altissimis
650 1641 841 1713 montibus
862 1641 1024 1739 undique
1044 1635 1273 1715 conlinelur.
1296 1646 1433 1734 Quum

306 1763 368 1838 hic
403 1763 440 1832 in
475 1759 565 1832 duas
608 1764 730 1859 partes
773 1755 925 1832 flumine
962 1759 1218 1850 divideretur,
1262 1759 1431 1832 alteram
1512 1781 1513 1834 l

309 1869 455 1978 partem
485 1873 561 1948 eius
591 1877 662 1947 vici
681 1870 797 1946 Gallis
824 1877 1028 1962 concessit,
1055 1875 1232 1967 alteram,
1260 1903 1430 1952 vacuam
1512 1861 1513 1864 Ἴ

312 1992 360 2063 ab
389 1991 459 2062 illis
485 1989 681 2077 relictam,
714 1987 931 2060 cohortibus
967 1989 1013 2062 ad
1040 1989 1282 2066 hiemandum
1311 1993 1436 2066 adtri-

309 2105 407 2178 huil.
446 2105 545 2178 Eum
570 2103 696 2177 locum
724 2103 823 2175 vallo
851 2092 1020 2202 iussaque
1047 2107 1222 2180 munivit.

278 2297 284 2313 .
363 2239 398 2290 a.
425 2217 552 2309 Quum
580 2215 656 2290 dies
687 2207 929 2290 hibernorum
963 2218 1175 2316 complures
1210 2221 1439 2293 transissent
1512 2279 1513 2288 .

313 2321 622 2427 frumentumque
653 2354 697 2402 eo
725 2333 951 2428 comportari
979 2334 1170 2423 iussisset,
1208 2335 1333 2405 subito
1369 2359 1437 2432 per

316 2450 572 2548 exploratores
603 2447 740 2518 certior
773 2446 895 2518 factus
926 2453 1007 2538 est,
1041 2473 1088 2520 ex
1115 2475 1157 2520 ea
1189 2456 1295 2546 parte
1331 2452 1437 2534 vici,

316 2591 430 2664 quam
465 2563 581 2636 Gallis
610 2567 869 2648 concesserat,
895 2586 1023 2636 omnes
1051 2571 1170 2636 iroctu
1199 2565 1439 2656 discessisse,
1512 2555 1513 2560 ἵ

315 2687 560 2774 montesque,
580 2677 641 2772 qui
679 2667 944 2774 inpenderent,
967 2697 989 2748 a
1008 2679 1172 2750 maxima
1191 2679 1441 2751 multitudine
1512 2717 1513 2730 κ

320 2794 557 2868 Sedunorum
576 2800 614 2863 et
631 2793 880 2890 Veragrorum
898 2791 1029 2882 teneri.
1056 2791 1095 2863 ld
1112 2791 1255 2888 aliquot
1271 2791 1315 2864 de
1330 2815 1443 2864 cans·
1512 2805 1513 2866 ἶ

324 2907 372 2980 sis
399 2906 612 2994 acciderat,
643 2912 685 2977 ut
706 2905 830 2978 subito
858 2903 955 2978 Galli
979 2905 1063 2978 belli
1088 2906 1290 3001 renovandi
1319 2905 1445 3004 legio·-
1512 2899 1513 2922 ³

323 3026 455 3118 nisque
491 3021 753 3120 obprimendae
788 3021 984 3094 consilium
1010 3029 1212 3120 caperent:
1249 3023 1446 3121 primum,
1512 3063 1513 3084 .

323 3137 423 3234 quod
453 3134 661 3236 legionem,
691 3160 809 3234 neque
842 3161 924 3208 eam
954 3135 1230 3232 plenissimam,
1262 3136 1447 3209 detractis
1512 3123 1513 3204 i

324 3253 544 3326 cohortibus
574 3253 718 3324 duabus
739 3243 784 3324 'et
811 3251 1066 3350 compluribus
1100 3252 1346 3362 singillatim,-
1379 3255 1447 3349 qui
1512 3281 1513 3310 2

324 3373 560 3442 commeatus
587 3365 735 3465 petendi
762 3389 893 3438 caussa
919 3367 1019 3438 missi
1049 3372 1178 3456 erant,
1206 3365 1446 3454 absentibus,

324 3492 480 3586 propter
506 3486 736 3584 paucitatem
764 3463 1149 3582 despiciebantatum
1177 3480 1445 3582 etiam,‚quod
1512 3485 1513 3536 l

1007 3613 1018 3635 fi
1512 3629 1513 3634 .

356 3671 411 3706 uun
446 3654 562 3702 ortoriis.
580 3649 693 3703 Graecus
711 3647 778 3700 mule
798 3671 852 3718 pop·
918 3649 1110 3702 transtulerunt
1134 3650 1285 3702 Ciarconius
1309 3659 1338 3701 ct
1363 3651 1446 3702 Horo
1512 3655 1513 3660 ’

325 3729 392 3780 22'023.
430 3717 604 3786 ntelliguntur
621 3717 693 3768 enim
715 3715 851 3784 vectigalia
919 3719 1141 3784 mauuns3'ham
1163 3719 1204 3768 du
1229 3719 1306 3769 MSS.
1339 3727 1366 3767 et
1388 3715 1446 3768 edd.
1512 3755 1513 3774 ,

325 3811 342 3841 a
363 3783 551 3838 mercatoribus
576 3797 624 3852 pro
649 3783 762 3834 transitu
786 3799 853 3832 mer·
919 3791 983 3834 vett.
1011 3785 1054 3834 ine.
1077 3793 1101 3835 te
1139 3785 1242 3834 ›ositnm
1271 3782 1327 3833 erat
1346 3791 1372 3837 ῃ·
1389 3805 1447 3834 συη-

324 3856 399 3906 cium
407 3851 539 3918 exigenda.
550 3849 775 3918 praepositionem
783 3865 853 3921 prae·
919 3857 1001 3902 ocss't.
1041 3803 1179 3918 <luserim
1197 3849 1257 3902 cdd.
1287 3859 1399 3902 recent-t.
1418 3858 1448 3901 nt

324 3919 410 3990 figunt
426 3918 501 3970 codd.
520 3925 546 3968 ct
563 3915 630 3968 edd.
640 3925 703 3968 vett.
922 3926 949 3969 et
962 3919 1091 3988 metaphr.
1106 3921 1152 3973 Gr.
1171 3920 1280 3970 omniuo
1292 3919 1448 3970 omiserunt.

360 4000 387 4038 et
402 3991 464 4055 ipre.
482 3985 707 4049 Coniunctionem
717 3985 826 4036 eiacum
838 4001 854 4034 ι
922 3985 961 4036 Μ.

327 4053 456 4122 scaligero
482 4051 598 4104 restituit
615 4051 685 4104 Oud.
703 4071 717 4104 e
734 4051 809 4103 codd.
828 4057 856 4101 et
956 4071 1013 4103 eam
1027 4053 1133 4122 pleniss.
1151 4049 1235 4104 Codd.
1253 4060 1281 4102 et
1297 4049 1358 4104 edd.
1383 4061 1449 4102 rett.

327 4119 388 4172 edd.
407 4121 509 4188 primis.
923 4129 986 4170 tam.
1015 4119 1084 4189 quod
1120 4135 1314 4188 nonnunquam
1345 4117 1450 4171 additur

353 4189 475 4256 flumine.
488 4187 598 4238 Orosius
616 4189 640 4236 6.
659 4189 683 4238 8.
701 4183 781 4238 habet
796 4191 856 4236 tor·
924 4185 1091 4256 superlativo.
1112 4187 1144 4236 V.
1161 4186 1232 4238 Onrl.

330 4267 410 4306 rente.
429 4253 542 4306 Graccus
559 4255 658 4305 omisit.
723 4263 727 4272 “
957 4253 1123 4331 r'nqillnu'nr,
1142 4247 1304 4320 singulorum
1316 4251 1449 4314 militum,

340 4374 343 4384 ,
365 4323 400 4374 nd
422 4321 593 4374 ocerannum.
617 4317 703 4377 Verbo
720 4317 784 4372 lucc
806 4315 858 4372 hue
925 4335 971 4389 qui
988 4321 1087 4387 singuli
1103 4321 1282 4375 discesserant.
1300 4319 1341 4371 M.
