3028 5258
341 371 431 491 542
701 401 757 462 oi
790 401 923 462 iunio
959 385 1087 468 clviii

332 625 455 678 rorem
482 603 581 676 intra
606 607 786 698 extraque
811 603 1057 691 munitiones,
1078 623 1154 672 non
1172 597 1382 674 abscissum
1412 603 1451 674 in

332 719 423 794 duas
449 720 564 818 partis
590 719 816 808 exercituin,
842 743 958 817 quuin
986 716 1104 792 altera
1131 715 1239 790 alteri
1257 715 1450 789 auxilium

330 817 428 910 ferre
454 859 528 908 non
554 843 708 936 posset,
746 859 897 908 caussae
932 835 1043 907 fuisse
1070 833 1307 934 cogitabant.
1354 835 1454 937 ¹Non

332 947 379 1022 sd
408 947 499 1022 haec
531 949 746 1040 addebant,
786 975 860 1024 non
891 944 941 1023 ex‘
977 971 1163 1023 concursu
1198 949 1276 1019 acri
1312 947 1449 1036 facto,

330 1083 408 1134 non
433 1061 573 1160 proelio
600 1062 853 1154 dimicatum,
890 1063 1033 1162 sibique
1067 1065 1166 1162 ipsos
1200 1061 1447 1134 multitudine

331 1185 444 1278 atque
471 1183 650 1282 angustiis
677 1185 797 1256 maius
822 1181 997 1256 adtulisse
1022 1180 1312 1268 detrimentum,
1334 1202 1451 1276 quarn

331 1297 378 1372 ab
409 1297 514 1372 hoste
546 1302 787 1400 accepissent.
817 1299 903 1372 Non
931 1297 1089 1394 denique
1121 1319 1343 1370 communes
1363 1295 1452 1368 belli

219 1457 227 1470 ι
335 1436 444 1488 casus
475 1413 796 1500 recordabantur,
827 1437 940 1511 quam
958 1411 1135 1512 parvulae
1154 1434 1262 1509 saepe
1294 1433 1451 1482 caussae

332 1525 396 1602 vel
431 1527 541 1604 lalsae
572 1513 820 1630 suspicionis,
860 1527 920 1602 vel
950 1529 1102 1602 terroris
1132 1527 1346 1626 repentini,
1391 1525 1451 1600 vel

331 1643 501 1716 obiectae
532 1643 746 1748 religionis,
777 1667 912 1752 magna
947 1643 1171 1730 detrimenta
1200 1641 1447 1726 intulissent;

331 1757 480 1853 quoties
524 1755 584 1829 vel
624 1758 734 1858 culpa
772 1759 916 1847 Ducis,
956 1757 1016 1830 vel
1050 1755 1211 1828 Tribuni
1246 1755 1370 1844 vitio,
1410 1755 1447 1825 in

334 1869 500 1941 exercitu
525 1875 621 1945 esset
645 1871 865 1944 obtensum:
893 1871 982 1963 sed,
1009 1869 1160 1970 proinde
1183 1894 1227 1942 ac
1247 1869 1278 1941 si
1297 1871 1444 1942 virtute

332 1981 538 2072 vicissent,
556 2007 676 2082 neque
695 1983 769 2060 ulla
788 1987 1036 2060 commutatio
1056 2006 1181 2057 rerum
1199 1989 1324 2081 posset
1344 1983 1445 2055 acci-

331 2089 441 2184 dere,
458 2118 524 2194 per
540 2097 671 2170 orbem
687 2105 880 2178 terrarum
896 2099 996 2174 fania
1019 2123 1063 2172 ac
1089 2096 1221 2171 litteris
1243 2097 1445 2170 victoriam

332 2213 411 2284 eius
447 2213 518 2286 diei
550 2213 871 2290 concelebrabunt.

386 2325 445 2419 73.
477 2329 638 2420 Caesar,
673 2331 720 2403 ab
752 2331 1001 2431 superioribus
1041 2327 1201 2404 consiliis
1236 2327 1442 2428 depulsus,

277 2467 281 2484 ·
333 2469 481 2520 omnem
512 2447 582 2520 sibi
604 2445 910 2522 commutandam
938 2443 1024 2518 belli
1048 2445 1231 2518 rationem
1253 2446 1440 2517 existima-

334 2561 402 2636 vn.
429 2565 559 2660 ltaque
583 2587 657 2638 uno
684 2570 852 2664 tempore
878 2561 1066 2664 praesidiis
1082 2561 1254 2634 omnibus
1270 2561 1441 2634 deductis

333 2687 373 2754 et
399 2682 674 2780 obpugnatione
692 2681 862 2769 dimissa,
889 2687 1094 2778 coactoque
1111 2681 1150 2753 in
1172 2680 1440 2754 unum-locum

334 2798 522 2885 exercitu,
554 2799 771 2870 concionem
801 2795 900 2894 apud
928 2795 1063 2869 milites
1089 2797 1222 2870 babuit
1248 2797 1437 2870 hortatus·

333 2931 405 3009 que
432 2918 513 2998 est,
538 2935 582 2984 ne
606 2935 674 3000 eo,
700 2937 791 3008 quie
818 2911 1059 3013 occidissent,
1086 2918 1248 3012 graviter
1267 2911 1441 3007 ferrent,

332 3049 418 3101 neue
442 3024 501 3098 liis
531 3023 634 3098 rebus
664 3037 901 3114 terrerentur,
933 3027 1123 3125 mollitque
1150 3025 1313 3099 secundis
1334 3053 1441 3124 proc·

332 3143 393 3216 liis
424 3167 535 3214 urium
571 3140 792 3230 adversum,
824 3155 859 3214 et
894 3141 935 3214 id
962 3141 1162 3232 mediocre,
1199 3143 1439 3241 adponerent.-

332 3259 529 3333 bobendon
547 3257 722 3331 Fortunae
736 3261 925 3357 gruem,
951 3257 1048 3355 quod
1067 3255 1208 3328 llobbm
1225 3263 1302 3330 sine
1319 3261 1436 3358 aduno

332 3378 475 3456 vultiere
499 3381 697 3474 irpinisi,-
721 3373 822 3476 quod,
840 3373 930 3446 duos
955 3373 1177 3470 Hispmus,
1214 3373 1441 3448 bellicosissi-

333 3519 472 3566 morum
512 3493 696 3565 tenuium
729 3493 958 3589 peritissimis
991 3503 1097 3588 utque
1134 3497 1439 3566 exercitatissimis

333 3605 517 3696 Ducibus,
544 3610 768 3706 paravissent
781 3635 795 3689 ,-
811 3605 907 3703 quod
909 3598 1102 3700 finitumos
1104 3603 1438 3704 frumentariasque

330 3725 531 3818 provincius
548 3727 587 3795 in
599 3734 807 3822 potestatem
825 3721 1064 3822 redegissent:
1090 3721 1239 3820 denium
1251 3723 1434 3796 recordari

365 3962 506 4016 dutum.
523 3962 579 4015 Atii
595 3963 723 4016 abimum.
917 3961 959 4081 ᾗ.
978 3981 1004 4036 p.
1023 3967 1079 4030 467.
1098 3965 1227 4018 Plutarch.
1244 3965 1341 4038 Pomp.
1359 3985 1380 4020 e.
1396 3971 1435 4020 66.

364 4091 450 4144 ahira
465 4092 551 4144 alteri.
568 4093 612 4145 Al.
629 4094 698 4148 alter
714 4093 808 4160 alteri,
821 4103 851 4150 ut
950 4097 1091 4167 Hispanias
1104 4125 1135 4138 -··
1147 4099 1270 4162 Ducibus,
1289 4108 1359 4162 nim,
1377 4118 1433 4152 corr

333 4159 460 4212 referatur
475 4159 508 4213 ad
524 4162 674 4214 exercitum.
917 4163 1059 4236 Hispaniae
1076 4165 1206 4220 bibebant
1222 4167 1307 4219 Duces
1325 4169 1431 4236 peritis,

917 4234 1073 4284 nominatim
1094 4235 1231 4288 Afranium
1248 4243 1275 4287 et
1293 4233 1431 4288 Pota-ilum.

363 4307 459 4342 nonen
468 4297 654 4345 ooimnsioori'
676 4306 742 4346 ario.
754 4293 849 4348 Nonne
916 4297 969 4351 rid.
988 4299 1006 4350 l.
1029 4321 1048 4352 i.
1067 4299 1108 4351 Μ.

331 4373 364 4406 ox
381 4355 546 4434 delendum?
572 4354 612 4411 De
628 4361 657 4416 ci
669 4379 712 4414 usa
730 4363 849 4432 Pompeii
941 4366 1128 4434 siunienraii'oi
1153 4383 1227 4436 prov.
1262 4365 1378 4422 siciliam
1404 4377 1430 4420 et

332 4417 487 4489 gloriatione
503 4443 587 4495 pauca
604 4429 674 4497 apud
690 4431 805 4500 Appisu.
824 4449 849 4500 2,
916 4433 1040 4486 Africam.
1058 4433 1095 4485 M.
1128 4429 1133 4444 '
