2986 5268
368 333 449 394 nro.
485 335 539 394 vi.
573 333 666 396 can
706 302 780 398 35.
820 303 893 398 36.
1085 335 1179 430 227

72 536 193 638 egredi
207 550 311 610 extra
327 543 540 612 mnm’tr'ones
556 539 696 612 audeat.
724 540 862 614 Oblata
880 564 962 640 spe,
984 521 1182 634 Germani,
1256 594 1268 618 .

74 682 181 753 quam
211 656 311 726 nacti
338 665 446 728 erant
477 655 674 752 praedam,
700 657 737 728 iu
766 657 915 730 occulto
946 659 1181 760 relinquuntt

71 771 136 866 ipsi
164 768 402 842 Aduatucam
431 770 684 862 contendunt,
703 775 757 842 usi
778 771 906 844 eodem
935 773 1050 864 duce,
1069 779 1183 888 puius

70 881 159 956 haec
185 883 325 956 indicio
356 894 624 986 cognoverant.
710 957 718 965 .
1078 895 1080 904 ’

121 1001 182 1074 36.
210 1002 364 1090 Cicero,
389 1004 450 1100 qui
480 1027 545 1102 per
571 1025 699 1078 omnes
730 1004 937 1101 superiores
968 1003 1042 1076 dies
1074 1031 1183 1103 prae-

70 1114 185 1213 ceptis
212 1116 379 1190 Caesaris
405 1142 552 1190 summa
584 1117 774 1216 diligentia
810 1117 945 1190 milites
978 1119 1015 1188 in
1050 1121 1182 1192 castris

72 1233 314 1312 continuisset
332 1259 375 1306 ac
394 1258 440 1308 ne
458 1234 629 1308 calonem
653 1235 803 1332 quidem
832 1259 1058 1332 quemquam
1076 1245 1182 1311 extra

70 1348 315 1422 munitionem
342 1349 467 1450 egredi
503 1373 629 1448 passus
657 1358 773 1439 esset,
800 1352 959 1450 septimo
995 1352 1053 1424 die
1085 1352 1183 1427 diffl-
1217 1391 1220 1397 ·

71 1459 175 1550 dens,
202 1461 248 1536 de
275 1487 432 1538 nurnero
459 1464 604 1538 dierum
638 1467 836 1540 Caesarem
864 1447 976 1538 tidem
1015 1477 1183 1542 servatu-

70 1597 168 1664 rum,
187 1577 289 1671 quod
312 1577 459 1678 longius
477 1605 562 1654 eum
583 1606 818 1682 progressum
846 1581 1042 1672 audiebat,
1061 1606 1180 1680 neque

70 1691 138 1763 ulla
166 1693 211 1766 de
239 1695 361 1768 reditu
388 1700 467 1771 eius
493 1697 591 1772 fama
620 1697 878 1785 adferebatun
906 1698 1017 1770 timul
1052 1717 1182 1773 eorum

70 1813 257 1902 permotus
293 1813 470 1902 vocibus,
497 1815 558 1912 qui
587 1812 684 1886 illius
711 1815 930 1912 patientiam
965 1837 1080 1912 paene
1113 1814 1183 1904 ob-

70 1921 264 1994 sessionem
298 1925 555 2023 adpellabant‚
584 1929 613 2000 si
641 1930 791 2025 quidem
820 1953 881 2029 ex!
898 1932 1030 2000 castris
1057 1929 1183 2028 egredi
1280 2015 1284 2024 ἱ

71 2060 139 2108 non
157 2038 310 2127 liceret;
327 2041 470 2116 nullum
493 2043 672 2116 eiusmodi
689 2069 818 2118 nasum
833 2051 1072 2143 exspectans,
1087 2069 1182 2142 quo,

71 2177 203 2228 rnorem
247 2161 425 2257 oppositis
464 2159 670 2258 legionibus
711 2161 949 2258 maximoque
989 2163 1181 2259 equitatu,

73 2269 238 2370 dispersis
266 2299 310 2347 ac
338 2301 454 2374 paene
482 2277 610 2348 deletis
637 2276 828 2366 hostibus,
854 2278 891 2348 in
921 2277 1068 2350 utilibus
1095 2303 1182 2376 pas-

73 2412 174 2460 suum
202 2391 257 2462 IlI
283 2390 431 2464 obtendi
460 2399 600 2490 possct;
629 2391 792 2488 quinque
819 2392 992 2464 cobortes
1019 2391 1183 2463 frumen·

73 2511 186 2579 tatum
214 2511 254 2580 in
281 2512 469 2607 proximas
496 2515 639 2610 segetes
666 2509 788 2596 misit,
815 2534 906 2604 quas
933 2509 1029 2580 inter
1056 2513 1094 2581 et
1120 2533 1181 2579 ca*

74 2625 145 2692 stra
172 2646 268 2696 unus
294 2625 447 2696 omnino
473 2623 576 2696 collis
603 2625 794 2698 intererat.
828 2623 1046 2722 Complures
1073 2629 1180 2694 erant

73 2735 106 2806 in
132 2741 262 2812 castris
288 2763 335 2812 ex
361 2739 566 2840 legionibus
594 2742 692 2840 aegri
722 2739 862 2827 relicti3
882 2765 928 2813 ex
955 2741 1088 2836 quibus
1115 2739 1177 2836 qui

68 2847 138 2926 hoc
168 2857 290 2952 spatio
322 2855 466 2928 dierum
499 2855 791 2939 convaluerant,
817 2856 966 2929 circiter
991 2855 1082 2928 CCC
1109 2855 1177 2926 sub

75 2966 201 3038 vexillo
229 2993 305 3042 una
333 2970 556 3056 mittuntur,
585 2995 718 3068 magna
753 2977 944 3068 praeterea
972 2969 1176 3042 multitudo

74 3077 262 3170 calonum,
287 3109 421 3184 magua
454 3085 508 3156 vis
542 3087 817 3170 iumentorum,
848 3107 942 3180 quae
973 3082 1012 3156 in
1047 3082 1177 3154 castris

73 3197 301 3291 subsederat,
329 3201 426 3273 facta
454 3203 862 3300 potestate„sequitur.

103 3421 193 3476 Oblata
210 3443 263 3495 spe.
282 3423 334 3478 Alii
354 3425 464 3478 Obiecta.
654 3427 727 3484 tante
745 3423 882 3483 dicebant,
900 3443 960 3476 eum
985 3425 1021 3477 ita
1047 3424 1178 3494 patienter

101 3494 125 3539 iu
142 3495 238 3543 occulto
255 3493 588 3564 rel.insllvis.v.rap.tr.
655 3495 725 3544 iutra
750 3501 833 3543 castra
858 3509 885 3543 se
906 3493 1053 3552 'continere‚
1077 3501 1106 3542 ut
1128 3491 1178 3544 lroc

72 3556 107 3608 Ile
124 3563 269 3612 temeritate
286 3568 313 3612 et
329 3579 392 3612 casu
414 3561 494 3612 huius
516 3563 589 3614 moli·
656 3559 725 3612 nihil
742 3560 861 3610 differret
878 3559 912 3610 ab
929 3559 1074 3610 obsidione.
1092 3560 1130 3609 M.

73 3625 148 3678 tionis
163 3629 356 3681 Germanorum
374 3647 395 3681 c.
415 3643 446 3689 42
463 3629 540 3682 dicit:
558 3648 588 3680 eo
689 3628 938 3696 novemdegiunibus.
974 3627 1033 3676 l'id.
1056 3645 1113 3695 cap.
1135 3623 1176 3677 33.

73 3696 169 3746 consilio
186 3697 303 3748 Rhenum
317 3700 588 3750 transierant-abta·
655 3693 757 3746 Novem
775 3694 887 3762 legiones
904 3695 985 3744 variis
1005 3696 1033 3745 in
1052 3693 1114 3745 locis
1131 3711 1178 3764 op-

73 3761 232 3816 terant-De
244 3763 293 3816 hac
306 3783 363 3818 rum
377 3764 517 3816 Germanis
527 3782 590 3818 con·
656 3762 757 3831 positae
774 3769 848 3814 erant
864 3759 995 3812 hostibus.
1012 3762 1050 3810 M.

73 3833 204 3884 certatione
217 3834 308 3903 paucis
325 3834 379 3900 egit
395 3831 447 3884 Dio
459 3831 529 3884 Cass.
543 3843 587 3896 to,
689 3832 717 3878 in
732 3829 787 3880 mit.
804 3847 871 3898 pass.
888 3841 923 3879 tr.
948 3829 1018 3880 iutra
1036 3830 1086 3882 uia
1103 3827 1178 3880 milia

74 3893 109 3946 32.
129 3900 164 3950 M.
655 3913 785 3966 passuum.
805 3897 842 3946 M.

101 3985 145 4032 per
162 3985 246 4018 omnes
264 3985 319 4036 sap.
335 3967 397 4018 dies.
415 3965 472 4020 Alii
488 3969 523 4018 ael
538 3985 589 4020 om·
688 3969 766 4014 misit·
781 3962 836 4016 Alii
854 3967 940 4014 mittit·

75 4049 120 4082 ner.
137 4035 164 4084 in
181 4033 239 4086 aliis
259 4035 418 4104 praepositio
439 4034 520 4086 deest.
688 4035 715 4082 in
738 4037 837 4082 castris.
872 4031 952 4082 Deest
975 4027 1024 4084 hoe
1048 4033 1076 4082 in
1103 4032 1177 4084 codd.

103 4121 196 4153 ramora
213 4103 285 4172 dilig.
303 4104 359 4155 Atii
374 4121 428 4154 uum
444 4123 466 4152 s.
484 4106 509 4152 d.
655 4099 732 4149 variis
746 4107 771 4150 et
783 4097 841 4150 edd.
855 4100 954 4170 priscis.
972 4099 1086 4151 Graecus
1098 4097 1179 4154 babet

103 4186 154 4218 euos
174 4189 344 4240 progressum.
387 4171 533 4221 Pronomen
559 4171 588 4220 in
656 4169 677 4218 ie
695 4171 799 4236 Bapeirq
811 4185 864 4284 pro
887 4161 1042 4239 'Attaezzsdxg

76 4233 143 4286 codd.
152 4235 312 4306 quibusdam
323 4249 350 4292 et
361 4237 419 4292 edel
432 4246 495 4289 vett.
505 4238 586 4288 deest.
606 4271 608 4274 -
688 4238 745 4284 circ.
764 4235 809 4286 CC
835 4273 840 4284 .
859 4233 972 4287 Graecus
991 4240 1104 4291 demisere·

77 4315 124 4352 nou
139 4311 213 4357 ursle.
688 4302 732 4352 sut
749 4301 852 4352 vasitto.
881 4303 1027 4355 Praefertur
1043 4301 1176 4354 vexillum.

104 4375 145 4435 qut
162 4374 231 4424 euos
251 4377 404 4442 sentientiam
421 4400 454 4412 ·-
470 4372 589 4440 adpella—
657 4369 700 4420 M.
