3026 5264
288 377 368 438 iis.
403 378 489 438 viii.
526 379 618 438 cir.
662 347 830 441 18-20.
1035 351 1121 444 331
1197 345 1200 368 ¹

20 601 149 652 manos
175 574 347 650 claudere
373 577 593 670 voluerant,
618 581 661 652 iis
686 579 1015 703 ips'qtenebantur:
1037 581 1130 656 victi

21 704 145 769 tamen
173 696 431 794 perculsique,
458 697 597 768 maiore
623 703 728 794 parte
755 697 914 784 amissa,
953 721 1028 794 quo
1055 699 1131 772 fors

21 815 184 906 tulerat,
208 819 433 891 consternati
460 815 697 914 profugiunt,
716 816 852 912 partim
871 801 972 888 silvis
990 820 1131 915 petitis,

21 931 155 1027 partim
181 927 353 1004 fluminei
373 932 435 1027 qui
454 938 581 1007 tamen
607 931 645 1002 in
672 929 758 1029 iuga
786 955 807 1002 a
835 931 970 1004 nostris
995 933 1131 1006 acriter

21 1046 299 1144 insequentibus
325 1046 593 1121 conficiuntur:
621 1070 738 1142 quum
764 1048 914 1120 interim
946 1047 1047 1120 nulla
1069 1074 1130 1122 ca·

23 1159 187 1232 limitate
216 1161 339 1234 victus
364 1161 525 1238 Correus
551 1161 729 1232 excedere
763 1159 904 1258 proelio
943 1159 1130 1258 silvasque

23 1285 167 1374 petere,
197 1285 281 1366 sut,
307 1278 554 1350 invitantibus
580 1278 716 1352 nostris
737 1277 783 1349 ad
803 1277 1049 1368 deditionem,
1067 1305 1131 1377 po·

23 1399 93 1468 tuit
117 1394 274 1484 adduci,
301 1395 413 1491 quin,
437 1394 636 1467 fortissime
662 1373 877 1492 proeliando
905 1395 1131 1494 complures-

25 1531 91 1604 que
117 1507 374 1598 vulnerando,
409 1515 560 1608 cogeret
593 1508 710 1582 elatos
749 1509 940 1583 iracundia
969 1513 1130 1585 victores

25 1629 120 1698 inse
146 1625 222 1700 tela
248 1627 443 1700 coniicere.

72 1765 129 1812 20.
156 1738 239 1813 Tali
266 1739 378 1814 modo
403 1765 443 1812 re
469 1747 599 1840 gesta,
625 1739 838 1814 recentibus
864 1739 993 1838 proelii
1020 1743 1133 1816 vesti·

27 1856 88 1952 giis
113 1857 298 1953 ingressus
324 1856 477 1942 Caesar,
509 1879 624 1954 quum
647 1857 769 1928 victos
792 1861 899 1928 tanta
916 1853 1132 1932 calamitate
1229 1881 1234 1898 ‘

28 1972 252 2044 existimaret
270 1971 407 2062 liostes,
425 1972 562 2042 nuncio
582 1975 760 2068 accepto,
777 1969 903 2042 locum
921 1975 1130 2042 castrorum

28 2087 240 2172 relicturos,
269 2111 363 2185 quae
391 2111 464 2159 non
486 2086 634 2185 longius
651 2086 698 2157 ab
716 2109 757 2176 ea
776 2085 888 2157 caede
907 2085 1032 2158 abesse
1051 2087 1132 2184 plus

27 2205 142 2278 minus
166 2211 259 2279 octo
282 2203 432 2276 milibus
459 2201 698 2292 dicebantur,
724 2202 874 2274 tametsi
902 2197 1055 2275 flumine
1072 2205 1133 2276 in-

30 2315 190 2412 peditum
218 2319 419 2390 transitum
449 2315 624 2404 videbat,
650 2322 777 2388 tainen
803 2315 972 2386 exercitu
1007 2321 1133 2388 trans-

32 2429 135 2505 ducto
155 2432 401 2532 progreditur.
428 2433 479 2505 At
493 2431 678 2506 Bellovaci
696 2405 932 2526 reliquisque
947 2426 1132 2518 civitates,

29 2539 175 2640 repente¹
198 2571 243 2620 ex
269 2545 357 2646 luga
384 2549 534 2645 paucis,
564 2551 677 2642 atque
703 2543 758 2616 liis
783 2539 1007 2628 vulneratis,
1026 2565 1135 2613 rece·

30 2661 118 2755 ptis,
144 2663 207 2758 qui
235 2662 414 2736 silvarum
433 2661 612 2734 beneficio
630 2683 757 2733 casum
778 2659 1037 2744 evitaverant,
1053 2681 1133 2730 om-

30 2776 128 2850 nibus
142 2779 317 2868 adversis,
337 2778 487 2878 cognita
505 2775 742 2864 calamitate,
760 2775 959 2849 interfecto
979 2776 1135 2866 Correo,

31 2894 153 2966 amisso
179 2896 351 2992 equitatu
378 2901 417 2968 et
443 2893 655 2964 fortissimis
686 2891 892 2990 peditibus,
919 2915 1034 2989 quum
1063 2893 1132 2966 ad·

31 3017 171 3084 ventare
186 3013 378 3086 Romanos
392 3009 661 3099 existimarent,
674 3009 832 3082 concilio
846 3017 1000 3108 repente
1015 3017 1132 3083 cantu

58 3399 113 3446 vicii
129 3409 222 3452 tauma
240 3397 358 3451 Ciscccri.
390 3393 466 3448 malit
481 3407 539 3445 ian·
606 3395 741 3455 ditionem,
758 3396 828 3447 iiiut
844 3401 855 3460 (
871 3397 908 3448 sic
925 3395 1034 3467 quidam
1054 3395 1131 3449 codd.

31 3457 91 3520 (itm,
108 3465 151 3516 scd
168 3465 362 3518 temnendam
379 3481 457 3518 sensu
474 3461 539 3516 dici-
607 3474 633 3515 ct
650 3463 709 3516 cdd.
728 3473 792 3516 vett.
813 3481 859 3532 pro
871 3467 937 3526 oui)
946 3467 1057 3532 potuerit
1070 3463 1131 3527 (lis

33 3533 79 3588 liii,
96 3537 157 3582 teste
173 3531 273 3585 Nouio.
608 3531 749 3582 necessario
767 3529 925 3599 legendnm)
944 3532 1045 3590 adduci,
1069 3535 1131 3598 quin

56 3599 214 3667 finditque.
223 3599 278 3651 Alii
288 3601 450 3668 perasssiqise
457 3634 465 3658 ,
475 3613 539 3666 pro-
599 3597 747 3666 fortissime
760 3627 793 3636 -
805 3625 846 3648 -.
866 3599 901 3646 M.
927 3597 1011 3652 Nullo
1028 3598 1133 3648 coleirsi⁴

32 3661 141 3730 celsique,
155 3665 329 3736 propnbi'qus.
606 3677 660 3714 iaie
677 3663 746 3715 valet
762 3683 813 3714 nnis
830 3665 885 3714 iilln
902 3665 950 3716 col.
969 3665 1013 3716 sic
1025 3645 1075 3714 alla
1088 3683 1133 3714 rie-

54 3727 119 3792 sors.
136 3733 190 3784 Alii
207 3751 273 3784 sors.
607 3734 710 3796 palione
729 3749 782 3782 non
800 3739 840 3782 est
851 3749 924 3802 opus.
935 3729 1132 3800 perenadduii.

59 3813 128 3870 quum
153 3804 255 3852 interim
279 3825 312 3840 -
331 3801 459 3848 conticere.
494 3795 541 3850 Sis
608 3799 625 3848 i.
643 3817 665 3850 e.
683 3799 718 3849 ad
731 3800 871 3866 petendum.

33 3864 152 3929 scripsisse
172 3878 324 3927 auctorem,
350 3883 405 3916 uon
434 3881 541 3933 possum

35 3925 90 3980 iiiilii
106 3933 272 4001 persuadere,
297 3951 359 3984 uam
376 3931 439 3982 haec
456 3931 541 3981 oratio
857 3968 875 4020 h
1032 3967 1080 4018 od·

36 4007 79 4044 '¹⁰¹1
102 4001 295 4062 estinti'icata,
317 3999 363 4052 sed
382 3997 540 4067 perturbata.
609 3987 856 4038 θἸΠῙΜΠΡῙἸἈΝἉ
878 3985 1031 4037 “Wlfflin
1074 3985 1131 4020 tum

36 4054 95 4132 Quid
109 4069 258 4137 scripserit,
275 4068 381 4120 nescio:
402 4065 540 4134 suspicor,
608 4039 777 4090 mmmmm
794 4045 858 4088 ⁰¹³²·
887 4035 929 4088 M·

36 4141 65 4176 sic
79 4127 124 4199 legi
140 4151 227 4204 posse:
251 4136 336 4206 Quum
350 4137 454 4186 inierim
470 4131 542 4180 iiiillo
642 4140 698 4178 ocio
714 4127 811 4178 militiis
822 4141 864 4182 e.
886 4142 1016 4192 passiiiim.
1034 4123 1070 4174 Ei
1082 4119 1131 4200 linc

36 4194 166 4252 ‘clamitare
182 4207 259 4254 victus
272 4203 397 4261 Correus,
414 4197 541 4262 ist(liauc
609 4194 717 4246 veiliiiin
735 4194 846 4258 ‚aililiilit
870 4193 929 4242 edd.
959 4193 999 4242 Μ.
1037 4191 1132 4240 Invitis

37 4265 174 4372 particulam
195 4269 328 4338 absorpsit
349 4268 470 4337 superius
487 4283 541 4314 vei·
608 4261 683 4313 coilil.
722 4261 770 4311 l'ro
792 4260 852 4328 plns
877 4265 959 4309 minus
976 4257 1036 4309 cdd.
1055 4275 1133 4327 quae·

46 4334 112 4395 iim}
140 4339 267 4388 excederet
291 4335 391 4406 proelio
416 4333 542 4400 duasque
609 4329 669 4378 «lxiiii
687 4327 753 4378 dini
769 4345 854 4396 quam·
879 4325 935 4379 Alii
960 4324 1058 4376 liabent
1082 4341 1133 4374 no·

36 4405 131 4464 ierim,
145 4404 306 4456 invitantibus
324 4404 418 4453 norisii
440 4401 475 4451 ad
496 4401 543 4449 iis·
609 4415 662 4452 rem
680 4395 785 4446 iiiiiiiiis.

641 3904 778 3954 recentibus
796 3931 828 3940 -
844 3906 991 3979 inqresrus,
1011 3899 1067 3951 ibat
1085 3920 1130 3970 pet
