3068 5260
485 363 777 440 brss'nnmmm
1098 383 1188 441 xvn

65 615 170 704 idem
194 639 320 702 auctor
345 615 517 702 librorum
542 638 764 730 sequentium
788 615 832 706 dc
866 615 936 707 bell
945 648 948 658 '
979 621 1188 726 ΑἸεωᾶηᾶ.)

199 757 339 852 Afric„
366 751 493 857 Hesp„
518 761 583 833 sed
601 771 685 859 post
710 757 875 834 Caesaris
900 775 1060 838 mortem.

121 953 184 1032 Sic
210 984 300 1060 ergo
326 985 413 1052 res,
440 963 478 1034 ni
504 961 640 1048 fallor,
666 964 850 1038 habuerit.
877 961 1024 1038 Primus
1050 968 1187 1038 auctor

67 1085 252 1182 'praedicti
277 1088 455 1190 Prologi,
487 1091 551 1186 qui
577 1091 743 1164 Caesaris
769 1094 908 1188 scripta
937 1089 1090 1188 digessit
1118 1111 1185 1187 pa⁴

69 1219 164 1291 riter
189 1241 234 1290 ac
260 1217 472 1319 supplevit,
498 1243 574 1292 non
600 1221 744 1318 Oppius
769 1221 905 1309 fuerit,
930 1219 994 1292 sed
1019 1221 1189 1308 Hirtius.

70 1349 136 1443 qui
162 1349 317 1448 proinde
342 1347 507 1436 ibidem,
532 1349 596 1422 ubi
623 1349 760 1422 Balbus
775 1373 796 1440 ·,'
811 1351 949 1441 fuerit,
973 1351 1073 1448 quod
1101 1355 1188 1426 assi·

70 1477 154 1550 duis
179 1478 277 1552 illius
305 1497 379 1552 non
406 1476 552 1567 literis,
586 1479 650 1552 sed
676 1479 865 1567 vocibus,
904 1485 1059 1552 coactus
1092 1503 1189 1552 onus

70 1603 163 1676 illud
188 1604 370 1678 scribendi
396 1605 611 1704 susceperit
650 1606 807 1704 Scripsit
831 1621 919 1707 ergo
938 1605 1083 1678 Hirtius
1098 1607 1189 1680 Prn-

68 1727 200 1828 logum
240 1729 289 1804 ad
328 1732 493 1805 amicum
532 1733 724 1818 Caesaris,
766 1732 981 1806 Cornelium
1023 1731 1188 1806 Balbum

72 1859 306 1934 Gaditanum
340 1860 575 1936 ditissimum.
613 1863 664 1936 Et
704 1865 743 1936 in
772 1863 935 1966 Prolugo
955 1874 1190 1940 commenta·

70 1991 148 2064 rios
167 2015 189 2064 a
206 2015 245 2063 se
271 1992 431 2090 scriptos
448 1993 625 2091 supponit
649 2005 774 2066 rerum
801 1999 991 2090 gestarum
1013 1991 1189 2082 Galliae3

70 2143 148 2191 non
181 2119 453 2218 comparandus
479 2121 730 2219 superioribus
757 2127 870 2218 atque
903 2122 1186 2219 insequentibus

73 2242 244 2316 Caesaris
269 2247 429 2344 scriptis.
462 2225 525 2318 Hi*
539 2249 800 2320 commentarii
826 2246 887 2320 alii
914 2271 991 2319 esse
1018 2271 1093 2318 non
1120 2271 1190 2343 po-

73 2381 201 2448 terant
226 2377 274 2448 ab
300 2378 413 2465 vill.
439 2378 502 2472 qui
528 2377 731 2477 Prologum
756 2378 925 2476 proxime
952 2373 1187 2473 excipiebat.

71 2505 158 2578 belli
188 2506 323 2580 Gallici
349 2503 474 2596 libro.
501 2505 623 2579 medio
650 2506 950 2580 nimirum'inter
975 2505 1090 2578 libros
1106 2505 1193 2578 Gala

69 2630 131 2703 lici
160 2630 246 2704 belli
273 2633 440 2731 priores,
466 2609 561 2730 quos
587 2640 714 2706 censet
740 2634 947 2731 superiores
972 2687 982 2722 ,
1006 2639 1045 2706 et
1079 2630 1194 2704 libros

69 2763 157 2835 belli
185 2762 332 2852 civilis,
359 2787 454 2862 quos
481 2789 550 2864 pro
577 2765 725 2863 scriptis
752 2763 915 2838 eiusdem
943 2764 1110 2836 Caesaris
1130 2764 1194 2836 ha-

69 2891 136 2964 bet
162 2892 458 2990 insequentibus.
499 2895 559 2967 Sic
588 2892 679 2966 nihil
706 2893 871 2984 habent,
898 2917 973 2990 quo
1000 2918 1038 2967 se
1059 2897 1196 2968 tuear*

71 3027 136 3095 tur
161 3021 333 3097 Floridus
360 3024 519 3097 Sabinus
550 3029 588 3104 et
614 3014 828 3097 Ludovicus
854 3025 998 3098 Carrio.
1029 3025 1197 3100 Hancn-

75 3151 191 3224 brum
219 3175 257 3225 se
284 3153 520 3228 contexuisse
546 3156 710 3226 testatur
744 3151 917 3226 Hirtius}
943 3154 1096 3252 proinde
1122 3155 1198 3228 iarn

74 3289 187 3356 antea
213 3283 396 3382 scriptum
419 3337 431 3372 ,
456 3287 495 3356 et
520 3281 644 3354 medio
672 3289 798 3355 tamen
826 3281 919 3374 illo,
947 3309 1058 3382 quem
1090 3269 1195 3372 dixis

72 3413 158 3486 locu
177 3401 411 3512 dispositum.
450 3397 553 3485 Haec
574 3417 657 3484 erat
675 3411 853 3482 nimirum
866 3413 1092 3512 scriptorum
1106 3415 1198 3488 caea

73 3542 168 3614 saris
193 3531 351 3641 digestio
378 3525 461 3630 illa,
487 3525 532 3612 de
559 3549 633 3636 qua
659 3537 829 3636 loquitur
858 3545 1012 3628 noster,
1048 3533 1109 3614 tot
1143 3565 1197 3612 sea
1289 3627 1294 3636 Ι

76 3665 170 3740 culis
195 3667 415 3756 recentior,
442 3685 516 3764 qua
540 3691 610 3740 sua
636 3665 783 3765 scriptis
801 3665 914 3763 ipsius
932 3667 1099 3740 Caesaris
1119 3675 1195 3738 me}

75 3795 135 3868 dia
158 3799 358 3870 contexuit
378 3815 542 3870 coaevus
556 3795 714 3872 Hirtius.
747 3785 884 3867 Noster
899 3798 1012 3867 etiam
1028 3794 1196 3868 editosin

76 3922 201 4002 lucem
217 3923 333 3998 libros
353 3923 519 3999 Caesaris
536 3927 700 3996 testatur
714 3919 761 3993 ab
777 3919 878 4031 aliis,
897 3921 959 4018 qui
979 3922 1089 3994 rebus
1108 3922 1196 4021 ipsis

76 4047 341 4128 interfuerant.
378 4049 487 4124 Unde
528 4039 633 4124 boc?
687 4052 831 4149 Nempe
857 4075 903 4124 ex
929 4050 1002 4124 illis
1043 4051 1196 4151 Prologi

79 4180 233 4254 verbis:
259 4183 431 4280 quisunt
455 4170 566 4266 editi,
592 4193 635 4251 nc
669 4181 818 4252 sciendo
857 4190 1038 4250 tantorum
1077 4196 1198 4253 rerum

76 4309 311 4410 scriptoribus·
336 4307 481 4382 deesset.
518 4305 592 4378 Sed
618 4331 814 4406 perperam
840 4311 966 4382 noster
992 4305 1202 4395 intellexit,

11 4415 12 4418 Ὺ
178 4439 338 4516 Cassan.
363 4436 575 4509 commena-
612 4435 720 4508 Tum.
749 4437 778 4509 l.
973 4453 994 4508 c
