2986 5268
260 439 265 450 ,
367 343 461 436 258
732 375 786 434 os
821 373 955 434 netto
990 375 1111 437 osta.

416 581 477 652 30.
489 577 589 649 ‘Fuit
615 577 706 650 lraec
726 579 846 650 oratio
875 603 947 648 uon
965 578 1108 676 ingrata
1137 575 1275 665 Gallis,
1299 573 1445 664 maxime,

366 693 465 790 quod
492 693 568 790 ipse
596 695 720 763 animo
748 717 821 764 non
857 692 1072 782 defecerat,
1104 699 1211 765 tanto
1238 697 1381 788 accepto
1404 694 1447 762 in·

365 807 586 894 commodo,
613 831 731 904 neque
758 831 796 878 se
822 809 859 879 in
887 805 1081 880 occultum
1108 805 1300 878 abdiderat
1327 812 1363 877 et
1385 829 1450 876 con-

364 932 532 1023 spectum
560 923 811 997 multitudiuis
839 923 987 1023 fugerat
1002 949 1028 994 εν
1040 924 1193 1022 plusque
1212 923 1335 996 animo
1351 923 1450 1020 provi·

363 1043 448 1115 dere
467 1051 505 1114 et
524 1042 751 1140 praesentire
766 1041 1075 1132 existimabatur,
1102 1039 1229 1136 quod,
1256 1064 1294 1111 re
1311 1041 1450 1138 integra,

361 1159 482 1255 primo
499 1155 771 1228 incendendum
791 1156 1015 1245 Avaricum,
1034 1161 1118 1253 post
1133 1153 1369 1226 deserendum
1385 1177 1451 1224 cen·

360 1281 498 1347 suerat.
525 1276 683 1370 ltaque,
711 1279 753 1347 ut
778 1271 1007 1367 reliquorum
1034 1272 1305 1368 imperatorum
1330 1293 1382 1341 res
1398 1267 1450 1338 ad-

362 1413 489 1460 versae
516 1387 780 1460 auctoritatem
801 1387 1001 1474 minuunt,
1028 1387 1079 1456 sic
1101 1370 1209 1455 boios
1226 1409 1273 1455 ex
1290 1381 1451 1456 contrario

362 1505 523 1603 dignitas
542 1503 779 1576 incommodo
799 1507 975 1600 accepto,
1006 1501 1042 1572 in
1070 1501 1145 1573 dies
1165 1501 1385 1598 augebatur3
1410 1501 1453 1568 si-

360 1619 439 1691 mul
467 1621 502 1690 in
529 1643 630 1716 spem
659 1617 859 1688 veniebant
876 1619 955 1688 eius
976 1613 1236 1688 adfirmatione
1256 1613 1301 1686 de
1327 1612 1451 1708 reliquis

361 1735 601 1834 adiungendis
616 1733 855 1820 civitatibus,
870 1733 1107 1829 primumque
1127 1753 1172 1801 eo
1191 1735 1358 1825 tempore
1376 1724 1451 1797 Galli

361 1853 481 1918 castra
508 1849 652 1919 munire
692 1847 960 1934 instituerunt,
987 1847 1102 1918 etsie
1130 1849 1217 1915 sunt
1246 1844 1367 1914 animo
1384 1863 1452 1910 con·

359 1965 515 2036 ste'rnati
536 2017 546 2054 ,
571 1965 739 2037 homines
764 1965 898 2036 insueti
925 1962 1087 2051 laboris,
1118 1969 1162 2034 ut
1202 1962 1352 2061 omnia,
1378 1979 1451 2054 quae

359 2077 653 2176 imperarentur,
682 2079 749 2151 sibi
776 2077 950 2178 patienda
978 2083 1016 2149 et
1042 2075 1261 2176 perferenda
1288 2074 1450 2147 existima·

360 2199 455 2266 rent.

410 2307 471 2379 31.
498 2308 577 2380 Nec
604 2309 745 2396 minus,
772 2329 886 2406 quam
913 2313 969 2380 est
996 2305 1201 2406 pollicitos,
1229 2301 1451 2398 Vercingeto·

359 2420 417 2492 rix
445 2422 568 2493 dnimo
595 2421 815 2512 laborabat,
843 2429 885 2496 ut
912 2423 1072 2519 reliquas
1098 2421 1275 2493 civitates
1301 2411 1452 2510 adiunge·

358 2543 435 2620 ret,
464 2545 576 2633 atque
596 2562 724 2611 earum
746 2539 930 2638 principes
946 2537 1051 2610 donis
1068 2533 1451 2635 pollicitationibusque

360 2653 569 2726 adliciebat.
595 2655 693 2729 Huic
721 2659 771 2731 rei
797 2657 950 2728 idoneos
970 2653 1138 2727 homines
1155 2651 1362 2752 deligebat,
1380 2669 1452 2744 quo-

359 2791 443 2840 rum
472 2769 625 2868 quisque
653 2778 718 2844 aut
745 2772 912 2843 oratione
931 2769 1085 2842 subdola
1104 2771 1170 2840 aut
1188 2769 1351 2838 amicitia
1369 2757 1452 2834 facil·

359 2881 447 2958 lime
474 2889 556 2984 capi
583 2896 717 2986 posset.
744 2889 817 2980 Qui
838 2889 997 2960 Avarico
1015 2890 1231 2982 expugnato
1249 2881 1453 2980 refugerant,

362 3002 560 3076 armandos
586 3003 871 3100 vestiendosque
898 3009 1018 3075 curat.
1045 3001 1164 3084 Simul
1192 3007 1237 3076 ut
1263 3001 1453 3076 deminutae

360 3121 488 3218 copiae
515 3123 883 3223 redintegrarentur,
908 3123 1078 3222 imperat¹
1094 3129 1242 3196 certum
1277 3134 1454 3194 numerum

361 3237 520 3312 militum
549 3239 785 3326 civitatibus,
813 3261 952 3334 quem,
985 3227 1168 3334 et‘quam
1196 3243 1285 3311 ente
1312 3237 1401 3332 diem
1425 3229 1454 3299 in

359 3363 480 3430 castra
508 3355 639 3428 adduci
670 3353 791 3438 velit;
820 3353 1105 3453 sagittariosque
1131 3379 1290 3443 omues,
1315 3368 1454 3452 quorum

359 3475 439 3544 erat
466 3493 689 3568 permagnus
715 3471 753 3542 in
781 3467 902 3541 Gallia
931 3489 1126 3556 numerus,
1142 3455 1148 3462 ’
1166 3467 1333 3564 conquiri
1361 3453 1454 3534 etad

357 3615 395 3662 se
422 3589 521 3661 mitti
549 3588 666 3660 iubet.
692 3587 759 3660 His
786 3585 896 3658 rebus
923 3583 1093 3658 celeriter
1117 3585 1176 3676 id,
1195 3585 1294 3683 quod
1324 3573 1454 3658 Avarici

357 3707 583 3806 deperierat,
610 3703 792 3804 expletur.
819 3703 972 3774 luterim
1007 3703 1282 3794 Teutomatus,
1323 3693 1454 3775 Ollovi-

391 3969 416 4008 σε
427 3977 510 4028 consp.
522 3957 650 4010 mutina
669 3955 714 4010 sie
726 3955 792 4008 boui
804 3951 880 4008 codd.
982 3973 1091 4026 quorum
1116 3959 1235 4007 oratione
1255 3965 1302 4006 arat
1319 3953 1385 4004 amic.
1396 3941 1452 4024 ¹tall

358 4025 451 4077 etedd.
462 4034 525 4077 vett.
534 4025 620 4093 Vulgo
630 4025 785 4076 recentiores
792 4043 881 4092 rreqrre.
949 4027 1054 4092 quisque
1069 4035 1163 4092 posset.
1185 4023 1263 4076 Hunc
1280 4039 1333 4072 csse
1350 4014 1452 4067 nrrlmrut

393 4094 474 4143 Avan
484 4105 662 4144 moerentem.
673 4091 751 4144 (lons.
762 4111 783 4143 c.
796 4101 833 4154 rt.
844 4091 881 4140 M.
949 4087 1101 4152 vorborum,
1113 4089 1236 4142 Clarlrius
1248 4097 1273 4140 et
1285 4082 1399 4140 Ouelcnd·
1412 4095 1452 4127 ¹11⁰·

390 4161 514 4228 potienda
531 4171 555 4210 cr
570 4159 733 4238 personante.
751 4157 797 4210 Sic
811 4158 881 4210 Oud.
949 4167 1077 4209 nuernnt:
1096 4157 1176 4210 etsie
1194 4154 1374 4226 mrtaphrastcs
1387 4147 1451 4222 Gras-

361 4244 392 4276 ex
418 4225 494 4280 codd.
520 4227 643 4278 restituit.
678 4225 717 4278 tu
741 4235 769 4276 ct
791 4225 881 4278 Horat.
948 4241 994 4278 cus
1013 4227 1198 4295 interpretatus
1222 4233 1268 4276 est
1294 4221 1332 4273 Μ.
1356 4217 1450 4268 l‘rnrrut

359 4293 408 4362 Ep·
431 4315 455 4354 t,
478 4298 520 4354 15,
542 4309 578 4356 17.
949 4307 1017 4343 orat.
1036 4293 1104 4343 sntrl.
1123 4291 1236 4354 Scaliger
1253 4291 1318 4341 vltlo
1333 4307 1347 4336 o
1366 4289 1450 4351 efflsfflfl

390 4361 465 4410 clunis
488 4359 575 4429 pollio
620 4357 678 4412 Alli
699 4361 789 4429 inepte
810 4359 882 4412 tonis
949 4371 1024 4410 etur.
1043 4362 1110 4410 subd.
1129 4357 1200 4430 quod
1218 4358 1279 4410 ‹tt-in
1294 4356 1323 4408 erl
1337 4306 1450 4410 allav‘lt

353 4427 589 4493 pollicitationibus.
949 4428 1035 4480 tiones
1054 4427 1141 4480 lluxit.
1160 4427 1227 4489 Capi
1243 4427 1271 4478 in
1289 4423 1344 4477 aliis
1360 4418 1429 4473 deest·
