3068 5260
233 379 239 394 ·
346 439 348 444 ,
386 327 415 419 8
734 353 802 420 ‚uu
829 359 973 420 numo
1008 361 1128 421 cruc.

352 587 353 592 ¹
383 559 719 656 idemconaretur,
736 553 953 661 persuadet,
972 565 1078 661 eique
1095 561 1210 638 filiam
1227 585 1333 636 suam
1351 563 1396 636 in
1417 587 1495 636 ma*

383 676 603 780 trimonium
638 676 713 749 dat.
746 677 924 774 Perfacile
958 679 1062 752 factu
1094 702 1196 766 esse,
1230 677 1300 750 illis
1325 678 1498 775 probat,

385 797 518 864 conata
545 792 739 889 perficere,
765 801 962 893 propterea
988 795 1089 893 quod
1114 797 1192 894 ipse
1218 818 1305 867 suae
1332 795 1498 867 civitatis

383 911 581 1007 imperium
608 911 831 984 obtenturus
857 916 978 984 esset:
1006 935 1080 984 non
1097 935 1176 984 esse
1194 909 1382 1000 dubium,
1413 913 1498 1007 quin

383 1032 502 1100 totius
537 1025 678 1099 Galliae
713 1025 933 1124 plurimum.
951 1026 1112 1102 Helvetii
1145 1036 1320 1127 possent:
1357 1055 1400 1102 se
1430 1029 1498 1100 suis

384 1143 499 1240 copiis
525 1165 666 1238 suoque
694 1142 863 1214 exercitu
883 1141 952 1214 illis
971 1167 1085 1244 regna
1104 1143 1394 1218 conciliaturum
1417 1165 1498 1214 con-

382 1260 520 1350 firmat.
581 1259 663 1330 Hac
697 1258 865 1332 oratione
900 1256 1076 1348 adducti,
1109 1261 1208 1332 inter
1242 1283 1279 1330 se
1313 1257 1433 1332 fidem
1467 1261 1499 1327 et

379 1373 639 1456 iusiurandum
666 1371 757 1446 dani
784 1378 846 1462 et,
868 1397 982 1472 regno
1009 1381 1216 1474 occupato,
1243 1399 1308 1473 per
1327 1375 1407 1454 ,tris
1435 1397 1495 1470 po·

382 1493 609 1567 tentissimos
627 1514 670 1562 ac
688 1489 916 1562 firmissimos
942 1489 1098 1590 populos
1122 1485 1239 1566 totius
1259 1489 1409 1583 Galliae
1429 1513 1498 1562 sese

383 1611 496 1711 potiri
524 1631 629 1706 posse
657 1611 819 1704 sperant.

399 1794 406 1808 ,
435 1731 472 1814 4.
497 1725 552 1796 Ea
570 1748 627 1796 res
645 1729 689 1796 ut
707 1727 763 1794 est
779 1719 961 1796 Helvetiis
980 1747 1044 1821 per
1069 1723 1249 1796 indicium
1276 1725 1494 1810 enunciata,

385 1838 553 1932 moribus
570 1835 644 1908 suis
662 1836 923 1935 Orgetorigem
942 1861 987 1910 ex
1007 1836 1162 1912 vinculis
1180 1835 1354 1910 caussam
1379 1836 1499 1910 dicere

387 1956 617 2053 notgerum:
645 1949 866 2026 damnatum
892 1947 1179 2050 poenam's'equi
1207 1950 1436 2050 oportebat,
1460 1954 1498 2020 ut

387 2069 479 2168 igni,
500 2073 742 2140 cremaretur.
781 2067 849 2138 Die
876 2068 1081 2140 constituta
1116 2091 1267 2140 caussae
1301 2067 1500 2154 dictionis,

388 2183 590 2284 Orgetorix
616 2181 663 2254 ad
689 2182 871 2256 iudicium
901 2206 1049 2256 omnem
1076 2207 1183 2257 suam
1218 2183 1428 2276 familiam,
1459 2181 1501 2255 ad

403 2396 569 2448 'comeum
609 2383 690 2434 Putet
709 2383 807 2454 aliquis
824 2383 914 2452 legen-

389 2449 456 2503 dum
472 2464 592 2514 conetur,
618 2461 649 2502 ut
667 2462 771 2521 tempus
792 2471 913 2521 praeseus

328 2519 330 2528 '
389 2521 520 2589 praesenti
539 2517 705 2589 respoudeat.
738 2518 791 2571 sed
811 2519 837 2570 iu
851 2538 914 2572 nar·

389 2589 490 2638 ratione
509 2596 570 2658 post
590 2587 749 2657 praeseutia,
772 2605 838 2656 quae
861 2587 914 2638 im-

389 2656 568 2723 perfectorum
588 2665 615 2706 ct
631 2655 807 2724 perfectorum
824 2653 914 2708 locum

391 2730 499 2785 tonent,
534 2733 672 2794 ponuntur
707 2724 788 2774 etiam
818 2723 914 2840 imper-

389 2791 465 2842 lecta.
506 2793 575 2844 llaec
598 2791 721 2842 Davisius
743 2800 769 2840 et
790 2787 850 2842 Clar
873 2791 914 2841 'us

288 2877 293 2888 ·
389 2863 487 2910 centies
506 2861 541 2911 ita
559 2859 685 2924 corrigere
702 2857 862 2918 voluerunt,
884 2865 914 2908 ut

390 2935 459 2976 asset
489 2924 589 2995 ubique
618 2925 732 2994 legitima
764 2934 913 2994 temporum

389 2995 558 3058 consecuti03
583 2991 628 3044 sed
648 2993 746 3043 centies
763 2991 915 3060 reprehensi

390 3059 499 3110 suntab
511 3059 710 3128 Ourlcndorpio.
739 3059 796 3110 Iam
807 3059 914 3111 Curtius

389 3123 424 3177 ad
446 3125 555 3178 Sallust.
582 3125 660 3176 Catil.
683 3146 705 3178 c.
730 3135 762 3191 44
791 3117 915 3178 ostenda·

389 3200 451 3253 rat,
486 3211 540 3243 uon
566 3212 620 3244 esse
651 3194 739 3244 omnia
771 3193 803 3246 ad
832 3211 914 3244 uuam

389 3267 488 3312 certam
512 3259 592 3329 legem
614 3261 778 3316 revocanda,
798 3251 916 3312 niouuitss

430 3345 443 3376 e
465 3345 501 3376 nu
539 3347 551 3378 r
578 3327 647 3380 idem
674 3327 849 3378 liubulenius
879 3327 913 3380 ad

390 3341 485 3444 allel.
505 3345 567 3444 1ldirt.
590 3411 618 3454 1,
645 3411 680 3461 9,
709 3413 729 3444 ι.
754 3415 780 3464 p.
806 3399 846 3450 32.
872 3395 913 3446 De

390 3457 439 3512 liae
473 3459 575 3511 tantula
608 3478 634 3512 rc
668 3461 746 3512 semel
778 3463 913 3514 monuisse

389 3523 509 3582 sufficiat.
536 3527 578 3578 Μ.
595 3528 638 3580 Sic
665 3527 755 3598 paullo
779 3539 839 3580 ante
854 3547 915 3598 per·

391 3591 498 3654 sirarios,
515 3607 545 3643 vt
563 3609 713 3664 usurparet,
732 3603 758 3645 ct
769 3615 791 3647 c.
812 3617 834 3665 9.
855 3601 915 3648 mit·

389 3670 459 3777 ῐιᾶιιε,
473 3672 501 3777 up
528 3665 703 3730 impetrarent.
728 3663 770 3714 Cf.
789 3663 913 3716 Oudeud.

389 3741 404 3776 2
442 3746 464 3778 C·
499 3759 506 3776 s

389 3858 420 3910 C.
425 3811 487 3911 qllln
502 3805 582 3914 idiiii
600 3797 913 3933 riir‘llhiiiad'linciiiupinl:

390 3927 463 3978 Gall.
489 3928 569 3981 Putat
591 3933 711 4009 quippe,
737 3933 869 3984 Helvetios
898 3951 914 3983 a

389 3993 500 4046 Caesare
517 4015 570 4047 uon
591 3999 670 4050 luisse
694 3999 796 4051 Galliae
821 3999 915 4051 adcen-

388 4061 463 4112 sitos.
496 4061 587 4115 Lectio
616 4085 672 4118 rece
693 4075 719 4116 ta
751 4087 773 4120 c.
810 4083 832 4115 ι.
866 4063 914 4116 ubi

390 4127 506 4179 Helvetii
526 4132 632 4200 reliquis
659 4085 744 4183 datia
770 4132 913 4203 obponun·

390 4200 447 4255 tur,
467 4199 627 4274 coptrarinn
647 4200 724 4250 docet
733 4237 741 4260 ,
752 4217 819 4268 quac
835 4198 914 4252 verbs

388 4277 449 4312 vero
466 4265 573 4316 criticus
591 4268 726 4334 expungit.

414 4329 594 4399 firmissimos.
632 4331 658 4384 al
679 4337 864 4403 Jortissimos,
897 4353 912 4388 e

388 4391 480 4464 glossa.
528 4455 530 4458 ,

1012 2385 1056 2436 Εα
1073 2403 1115 2438 res
1131 2397 1159 2437 ut
1179 2396 1216 2436 ast
1238 2398 1285 2436 etc.
1302 2385 1373 2438 Ante
1392 2385 1444 2438 hor
1460 2403 1500 2434 ra-

980 2461 1031 2521 put
1056 2451 1178 2504 lacunam
1203 2453 1339 2521 adgnoscit
1360 2452 1384 2503 1.
1415 2453 1447 2504 C.
1472 2451 1501 2502 ll.

980 2521 1042 2638 pppis
1062 2538 1115 2570 uon
1133 2519 1280 2581 iudicatur,
1296 2539 1311 2570 a
1329 2539 1385 2589 quo
1404 2528 1433 2572 et
1455 2537 1499 2596 qua

1030 2605 1120 2640 caussa
1133 2588 1267 2656 Orgetorix
1292 2588 1421 2638 fueritin
1444 2604 1499 2636 vm-

980 2653 1038 2706 cula
1056 2656 1207 2726 conjectus,
1232 2673 1319 2725 neque
1343 2653 1501 2731 conspiratio

980 2719 1026 2772 illa
1054 2721 1213 2791 Orgetorigis
1248 2741 1310 2774 cum
1343 2721 1451 2774 Castico
1477 2725 1499 2768 ct

980 2787 1142 2858 Dumnorige
1178 2787 1241 2844 satis
1282 2789 1349 2842 clare
1392 2785 1499 2857 erponi-

980 2863 1033 2906 tur.
1053 2856 1120 2908 ltlilri
1139 2877 1213 2910 seem
1236 2857 1348 2909 videtur.
1365 2853 1500 2922 Orgetorix

979 2921 1095 2974 habehat
1113 2926 1141 2975 iu
1154 2925 1286 2978 mandatis
1305 2940 1361 2973 arm
1376 2922 1499 2990 praa-imis

980 2992 1121 3042 civitatibus
1135 3009 1222 3058 pacem
1241 3004 1266 3041 et
1284 2993 1429 3042 amicitiam
1445 3004 1499 3036 coa-

932 3083 937 3094 ·
970 3057 1096 3130 firmare.
1122 3057 1148 3110 ls
1170 3067 1260 3112 eontra
1289 3074 1380 3109 aarum
1411 3055 1499 3108 cirita-

981 3134 1079 3176 tumet
1098 3126 1105 3174 i
1128 3128 1182 3178 sius
1200 3126 1330 3177 Helvetiae
1354 3121 1500 3174 libertatem

979 3211 1041 3270 curu
1058 3143 1151 3246 Aedirs
1177 3203 1205 3246 et
1220 3195 1346 3263 Sequana
1371 3187 1501 3258 conspira-

979 3268 1041 3318 vn,
1069 3279 1135 3329 quse
1161 3279 1200 3314 res
1225 3279 1280 3311 nun
1313 3265 1420 3328 poterat
1452 3268 1501 3304 uon

980 3325 1120 3396 displicere
1137 3328 1281 3386 Helvetiis,
1304 3327 1352 3396 qui
1377 3342 1408 3374 re
1433 3337 1500 3372 emm·

979 3397 1048 3444 data
1065 3395 1192 3464 hominem
1212 3399 1240 3445 in
1259 3393 1363 3444 vinaria
1378 3395 1501 3464 οιιιιὶιαῇθ

980 3473 1006 3511 cr
1026 3481 1142 3513 mursam
1170 3463 1253 3512 dicare
1282 3462 1427 3528 avigernae.
1462 3457 1501 3504 bic

982 3530 1071 3579 omnia
1094 3529 1160 3582 benc
1185 3528 1333 3582 cohaerent.
1366 3525 1501 3594 Perpetem

980 3613 1058 3666 porro
1081 3605 1173 3648 mouet
1197 3597 1318 3655 criticus,
1331 3589 1501 3646 scribendum

982 3665 1063 3714 fuisse
1081 3669 1168 3732 regnis
1190 3666 1329 3730 usurpatis,
1349 3677 1406 3712 uon
1427 3668 1501 3722 regno

981 3729 1117 3796 saepsit,
1143 3733 1219 3801 quasi
1249 3747 1303 3780 uon
1331 3727 1363 3780 de
1390 3735 1500 3790 regnos

980 3798 1093 3862 siugulis
1111 3800 1139 3850 iu
1165 3817 1212 3850 sua
1229 3797 1336 3849 civitate
1358 3785 1500 3846 obtinendo

981 3883 1067 3916 sermo
1087 3866 1161 3918 foret

1013 3931 1057 3984 Ea
1090 3951 1131 3983 res
1167 3944 1196 3984 ut
1230 3943 1269 3982 est
1301 3957 1334 3969 -
1361 3929 1499 3994 anamim·

980 3999 1091 4051 Variant
1109 3997 1184 4052 codd.
1202 3999 1314 4050 Videtur
1339 3996 1420 4048 fuisse
1443 4004 1499 4040 θαι·

981 4073 1074 4135 ptum:
1093 4067 1136 4118 Ea
1154 4083 1183 4117 re
1199 4095 1233 4126 ‚—
1250 4067 1393 4116 ammata.

1014 4151 1047 4182 ex
1064 4129 1174 4183 vinculis
1187 4171 1195 4194 ,
1221 4134 1340 4184 vinctum
1365 4124 1444 4182 verba
1460 4120 1497 4171 ft*

980 4217 1036 4250 cere
1054 4206 1203 4264 cotgcrnut.
1221 4201 1263 4250 M.

1013 4269 1153 4334 scantiam.
1175 4267 1360 4318 Hotomanus
1390 4262 1427 4313 sic
1455 4251 1498 4304 ἆθ·

979 4321 1089 4386 scirbit:
1115 4335 1175 4410 Qui·
1189 4334 1235 4383 vel
1256 4339 1283 4384 in
1304 4321 1497 4402 possessiombitt

979 4405 1031 4455 eius
1046 4421 1079 4480 ρο
1095 4405 1197 4456 rusticis
1214 4401 1288 4454 rebus
1312 4399 1358 4454 vei
1376 4400 1404 4450 in
1421 4399 1497 4446 weit*
