3040 5264
345 391 409 512 48

346 651 421 726 que
449 651 537 701 cum
564 628 740 726 equitatu
765 631 933 718 veniret;
965 629 1036 706 alia
1064 630 1210 706 ratione
1236 653 1275 702 se
1302 653 1380 702 non
1400 653 1481 706 esse

348 747 567 816 venturum.
595 744 751 835 Caesar,
778 745 879 842 quod
898 771 1018 844 neque
1038 745 1285 843 conloquium
1311 745 1483 846 interpo-

347 858 420 930 sita
439 881 570 931 caussa
597 857 678 932 tolli
706 860 879 950 volebat,
898 886 1017 960 neque
1037 860 1199 936 salutern
1217 883 1324 933 suam
1348 859 1484 932 Gallo-

347 993 436 1046 rum
454 975 640 1069 equitatui
657 961 904 1049 committere
915 975 1100 1066 audebat,
1127 972 1484 1049 commodissimum

348 1111 426 1183 esse
441 1090 597 1178 statuit,
620 1091 794 1162 omnibus
812 1094 916 1188 equis
936 1092 1052 1166 Gallis
1071 1091 1261 1190 equitibus
1280 1087 1483 1178 detractis,

349 1228 395 1277 eo
420 1203 643 1304 legionarios
676 1205 813 1278 milites
847 1206 1003 1308 legionis
1038 1207 1228 1296 decimae,
1267 1205 1328 1278 cui
1359 1229 1481 1303 quam

348 1321 520 1396 maxime·
545 1319 780 1412 confidebat,
806 1323 1006 1422 inponere,
1034 1328 1076 1396 ut
1100 1319 1328 1420 praesidium
1362 1343 1485 1418 quam

352 1438 640 1528 amicissimum,
658 1440 687 1512 si
703 1438 791 1538 quid
810 1465 904 1538 opus
919 1433 1020 1514 facto
1036 1446 1153 1530 esset,
1170 1438 1339 1512 baberet.
1366 1435 1485 1529 Quod

350 1578 470 1652 quum
498 1555 625 1644 lieret,
648 1549 722 1630 non
749 1555 944 1628 inridicule
964 1555 1116 1654 quidam
1139 1579 1187 1629 ex
1212 1555 1397 1628 militibus
1418 1553 1485 1628 de·

350 1673 471 1746 cimae
503 1670 659 1772 legionis
691 1673 812 1744 dixit:
853 1673 957 1770 plus,
999 1699 1110 1772 qaam
1140 1673 1323 1770 pollicitus
1360 1686 1483 1756 esset,

352 1785 542 1858 Caesarem
555 1784 709 1880 sacere;
733 1787 956 1886 polb'citum,
982 1813 1021 1862 se
1037 1793 1076 1860 in
1095 1785 1254 1861 cohortis
1278 1790 1485 1884 praeton'oe

351 1900 428 1972 Ioco
463 1901 639 1974 decimam
671 1903 848 2002 legionem
879 1902 1116 1998 habitarum,
1151 1925 1248 1978 nunc
1273 1899 1324 1974 ad
1347 1924 1485 2001 equum

351 2014 561 2088 rescribere.

407 2127 472 2226 43.
499 2131 681 2208 Planicies
706 2141 789 2210 erat
814 2159 952 2237 magna
977 2131 1073 2211 etin
1091 2119 1135 2212 ea
1161 2133 1332 2210 tumulus
1358 2134 1486 2210 terre·

250 2273 253 2278 ’
354 2273 427 2324 nus
454 2251 544 2324 satis
570 2253 733 2354 grandis.
758 2253 830 2326 Hic
849 2251 955 2327 locus
973 2278 1093 2352 aequo
1112 2253 1187 2326 fere
1206 2255 1327 2353 spatio
1347 2251 1397 2325 ab
1418 2277 1486 2326 ca·
1507 2323 1511 2330 .

267 2407 271 2414 ·
352 2365 440 2440 stris
460 2369 630 2466 utrisque
647 2369 792 2442 aberat.
818 2369 896 2455 Eo,
924 2375 1067 2442 uteret
1089 2367 1255 2458 dictuni,
1282 2365 1329 2440 ad
1349 2365 1486 2440 conlo‹

359 2484 490 2582 quium
518 2481 716 2557 venerunt.
750 2485 952 2584 Legionem
972 2487 1139 2576 Caesar,
1156 2509 1270 2584 quarn
1290 2491 1399 2583 equis
1419 2484 1486 2558 de-

662 499 665 504 ,
714 425 769 484 nu
802 423 939 486 annno
973 425 1097 488 estu.

358 2605 543 2703 yexerat,
572 2600 741 2698 passibus
767 2599 939 2675 ducentis
965 2602 1075 2674 abeo
1102 2599 1252 2674 tumulo
1271 2601 1485 2675 coustituit.

359 2706 457 2784 ltem
484 2715 627 2808 equites
653 2714 830 2788 Ariovisti
865 2717 946 2813 pari
976 2712 1177 2788 intervallo
1211 2715 1483 2788 constiterunt.

364 2827 600 2920 Ariovistus,
617 2852 664 2902 ex
677 2831 781 2928 equis
799 2837 842 2904 ut
856 2830 1172 2930 conloquerentur
1185 2839 1248 2924 et,
1264 2841 1416 2931 praeter
1428 2854 1486 2914 se,

362 2946 480 3020 denos
497 2953 540 3019 ut
557 2945 604 3020 ad
622 2946 864 3047 conloquium
881 2949 1135 3040 adducerent,
1161 2949 1382 3050 postulavit.
1410 2947 1485 3020 Ubi

359 3089 405 3138 eo
432 3070 590 3138 ventum
617 3071 697 3156 est,
721 3065 857 3138 Caesar
883 3067 990 3138 initio
1017 3067 1197 3140 orationis
1215 3089 1282 3140 sua
1301 3069 1490 3140 Senatus-

361 3181 499 3276 quein
527 3203 613 3252 eum
641 3179 823 3254 beneficia
850 3183 1189 3272 commemoravit,
1214 3180 1311 3280 quod
1330 3205 1399 3254 rex
1427 3177 1490 3252 ad·

357 3295 510 3394 pellaeus
536 3311 629 3370 essct
654 3323 678 3368 a
703 3294 857 3388 Senatu,
896 3297 993 3396 quod
1016 3303 1183 3388 onu’cus,
1216 3296 1314 3393 quud
1338 3317 1491 3368 mwrera

394 3547 425 3581 ea
439 3557 472 3569 --
482 3531 568 3599 inpare.
585 3527 669 3599 Vulgo
686 3533 723 3580 eis
738 3527 782 3580 rel
797 3533 825 3581 in
838 3545 891 3582 eos.

394 3615 448 3648 non
464 3599 565 3650 int't'ds't·
583 3596 675 3650 Graec.
694 3601 783 3652 ἇστιιδν
800 3622 833 3654 τι.

394 3667 532 3717 remiba-e
560 3674 621 3720 est.
649 3664 728 3717 aliter
755 3665 890 3725 scribere,

360 3733 492 3802 scriptum
516 3741 629 3784 moure.
657 3733 727 3783 Cum
756 3751 815 3800 ergo
846 3734 893 3794 is,

363 3801 439 3853 cuius
462 3819 560 3854 nornen
583 3801 611 3852 iu
634 3799 754 3869 pediturn
775 3799 892 3868 catalogo

361 3869 412 3919 scri
435 3877 490 3920 tum
508 3877 586 3928 erat,
610 3865 706 3919 deinde
724 3868 753 3919 iu
770 3869 892 3938 equitum

361 3885 510 4003 catalogum
534 3933 721 3988 transcribitur
733 3971 741 3997 ,
769 3931 820 3988 boc
838 3935 892 3987 dici

362 4009 453 4071 potest
481 4003 638 4064 rescribere,
667 4021 730 4073 qum
759 4006 891 4074 scripturn

362 4077 491 4121 mutatur.
517 4068 571 4122 Sed
596 4069 622 4119 li.
647 4067 665 4120 l.
691 4071 803 4122 omniuo
826 4069 892 4122 ‹lici-

361 4143 427 4198 tur‚
457 4135 590 4208 peditibus
615 4139 657 4188 uti
682 4135 740 4191 loco
763 4138 892 4208 equiturn.

363 4203 407 4256 M.
437 4203 535 4257 Verum
558 4221 590 4256 cx
613 4221 690 4256 seusu
717 4203 812 4256 militis
837 4221 893 4256 om·

362 4271 440 4350 nino·
467 4273 539 4350 prior
575 4271 732 4338 significatio
768 4272 891 4332 obtinet,

363 4351 441 4410 qussi
470 4357 500 4390 ιιι
528 4339 628 4408 equites
657 4347 744 4391 essem
773 4339 895 4392 transcri-

364 4407 416 4483 pti.
446 4405 552 4458 Snmuel
582 4403 684 4458 Petitus
712 4405 778 4458 Obs.
806 4421 837 4468 r,
886 4443 894 4458 .

364 4479 405 4528 stu
428 4469 515 4527 locum
542 4471 670 4542 explicat:
695 4475 790 4534 &star
816 4473 896 4546 poni.
925 4481 933 4499 ·

958 3529 1028 3583 citus
1054 3538 1131 3591 eret,
1159 3547 1187 3582 se
1209 3513 1366 3599 legionarios
1391 3527 1490 3580 milites

959 3597 988 3648 in
1029 3597 1185 3648 harterius
1213 3597 1328 3648 wlsortir
1359 3597 1376 3646 i.
1408 3617 1433 3648 e.
1462 3596 1490 3646 in

958 3664 1087 3716 clientum
1105 3664 1162 3717 loco
1179 3663 1354 3730 habiturum
1375 3672 1406 3714 ot
1424 3671 1491 3714 nunt

959 3735 995 3783 ad
1011 3751 1101 3801 eqrurm
1118 3733 1253 3794 rescribit,
1279 3731 1328 3783 boc
1345 3743 1405 3792 cst,
1438 3736 1490 3780 non

960 3807 1067 3851 tentum
1090 3801 1117 3851 iu
1140 3798 1315 3864 clientelsmr
1335 3799 1383 3851 sed
1407 3799 1436 3850 in
1455 3797 1491 3847 lo·

959 3865 1062 3918 milium
1079 3866 1209 3918 admittit.
1227 3867 1267 3918 Τπ
1287 3865 1347 3918 ride
1365 3867 1404 3918 sis
1426 3863 1492 3917 Gro-

960 3951 1021 3986 nov.
1039 3933 1073 3987 od
1091 3937 1153 3988 Seu.
1172 3933 1206 3986 dc
1224 3933 1312 3985 benef.
1331 3937 1347 3983 ⁵
1357 3971 1367 3996 ,
1386 3936 1414 3984 6.

994 4029 1118 4069 remersus.
1137 4015 1180 4070 Al.
1198 4029 1309 4068 terreus.

993 4115 1026 4166 ab
1042 4119 1135 4166 rostris
1151 4117 1275 4183 uosque.
1293 4110 1338 4166 Al.
1363 4109 1491 4165 Ariovisti

959 4194 986 4234 et
1003 4183 1126 4234 Caesaris
1143 4181 1239 4250 glosa.

993 4267 1065 4330 equis
1082 4265 1239 4328 devexerat,
1258 4263 1335 4334 equis
1353 4268 1441 4314 vectos
1457 4255 1490 4310 sd

960 4329 1043 4450 ffippp
1062 4349 1146 4451 pqsque
1175 4329 1262 4383 lucram
1290 4347 1383 4384 secun
1407 4325 1490 4383 dedu*

994 4476 1091 4531 Dema
1109 4477 1223 4534 Gmm
1241 4479 1289 4534 Νι.
