3068 5260
372 359 436 418 20
739 356 795 414 DE
830 355 964 414 BELLO
998 359 1119 422 catu

371 559 537 634 nolebat.
587 559 694 632 Diem
713 583 760 632 ex
777 559 834 632 die
850 559 985 633 ducere
1003 561 1142 648 Aedui:
1173 562 1356 650 conferri,
1377 587 1469 636 corn-

371 676 534 774 portari,
552 674 676 746 adesse
695 651 829 748 dicire.
880 674 953 748 Ubi
972 699 1009 748 se
1029 673 1168 748 diutins
1190 674 1274 748 duci
1297 677 1470 748 intellexit

371 793 412 860 et
429 788 525 860 diern
551 789 710 878 instare,
729 813 804 885 quo
823 785 884 860 elie
906 788 1138 862 frumentum
1158 790 1338 862 militibus
1351 789 1470 862 'metiri

372 908 581 1001 oporteret:
619 905 837 974 convocatis
863 925 993 975 eornm
1029 904 1282 1002 principibus,
1320 927 1469 1000 quorun

369 1045 544 1120 magnam
561 1021 707 1118 copiam
722 1021 760 1092 in
775 1020 905 1091 castris
921 1019 1099 1107 babebat,
1116 1022 1152 1091 in
1168 1020 1222 1092 bis
1239 1023 1423 1093 Divitiaco
1438 1025 1469 1092 et

369 1136 496 1226 Lisco,
516 1137 579 1233 qui
595 1157 743 1206 summo
765 1135 987 1232 magistratu
1007 1141 1176 1233 praeerat
1193 1135 1326 1232 (quern
1344 1137 1471 1231 Vergo-

369 1249 520 1326 bretum
536 1249 724 1348 adpellant
738 1248 880 1336 Aedui,
897 1249 960 1346 qni
985 1257 1136 1322 creatur
1158 1273 1304 1322 annuus
1323 1256 1361 1321 et
1383 1250 1469 1318 vitae

370 1365 544 1464 necisque
558 1368 595 1437 in
611 1390 696 1437 suos
711 1365 824 1436 babet
838 1367 1104 1463 potestatem),
1120 1367 1287 1464 graviter
1301 1391 1364 1438 eos
1380 1387 1470 1436 acen·

369 1489 444 1569 sat,
463 1479 582 1578 qaod,
603 1505 720 1577 qnurn
736 1504 855 1577 neque
875 1481 964 1568 emi,
978 1505 1097 1580 neque
1116 1505 1162 1552 ex
1181 1482 1278 1580 agris
1294 1481 1388 1551 sumi
1406 1501 1470 1576 pos

369 1608 444 1686 set,
462 1587 540 1672 tarn
557 1600 762 1670 necessario
778 1605 946 1695 tempore
958 1651 968 1686 ,
981 1603 1059 1669 tarn
1076 1598 1291 1696 propinquis
1302 1597 1469 1682 lrostibus,

369 1716 416 1786 ab
440 1709 486 1787 iis
514 1739 588 1786 non
616 1713 856 1786 sublevetur:
884 1716 1101 1810 praesertim
1126 1739 1242 1812 quarn
1271 1739 1407 1812 magna
1432 1735 1470 1783 ex

368 1835 474 1926 parte
498 1853 639 1902 eorum·
656 1827 827 1928 precibus
863 1825 1049 1902 adnuetus
1076 1828 1216 1909 bellum
1250 1827 1470 1927 susceperit,

366 1944 490 2018 multo
515 1945 629 2016 etiarn
656 1944 828 2040 gravius,
852 1943 952 2040 quod
978 1946 1027 2016 sit
1050 1945 1272 2029 destitutus,
1298 1945 1470 2040 queritur.

424 2059 606 2148 17.Tum
633 2058 784 2130 dernurn
810 2058 959 2147 Liscus,
987 2059 1155 2130 oratione
1173 2059 1339 2130 Caesaris
1366 2055 1469 2128 addir-

367 2181 471 2265 ctus,
489 2175 589 2273 quod
608 2182 717 2247 antea
735 2181 926 2262 tacuerat,
945 2175 1139 2272 proponit:
1168 2176 1258 2246 Esse
1276 2175 1469 2260 nonnullas,

365 2317 517 2388 quorum
555 2297 750 2363 auctoritas
789 2290 888 2388 apud
921 2291 1059 2387 plebem
1093 2289 1293 2388 plurimum
1333 2289 1469 2366 vatem:

314 2463 315 2466 ,
364 2414 429 2505 qui
448 2413 582 2505 privati
599 2409 682 2506 plus
697 2412 859 2503 possint,
879 2432 987 2504 quarn
1004 2410 1077 2503 ipsi
1092 2409 1341 2501 magistratus.
1396 2402 1466 2474 Hos
1508 2391 1509 2394 ¹

363 2525 531 2596 seditiosa
556 2538 661 2621 atque
691 2521 850 2620 improba
880 2526 1037 2593 oratione
1069 2521 1332 2594 militudinem
1363 2522 1471 2594 detar-

265 2619 266 2631 ,
297 2635 299 2641 ⁴
364 2661 470 2725 rere,
495 2663 539 2710 ne
557 2636 793 2730 frumentum
826 2634 1043 2728 aarfferont,
1075 2635 1170 2734 quod
1199 2652 1384 2735 praestare
1420 2633 1470 2706 de·

362 2754 477 2826 beant.
529 2751 569 2824 Si
591 2757 665 2824 iam
687 2755 931 2850 principatum
958 2751 1095 2825 Galliae
1119 2753 1275 2826 obtinere
1300 2781 1371 2826 non
1394 2776 1468 2851 pos·

361 2872 454 2950 sint,
482 2867 690 2954 Gallorum,
716 2893 825 2964 quam
850 2865 1094 2938 Romanarum
1118 2872 1269 2956 imperia
1292 2869 1470 2966 perflare,

362 2986 476 3051 satius
502 3005 578 3054 esse
600 3035 611 3070 ,
633 3005 745 3078 neque
769 2979 950 3072 dubitare,
976 2967 1081 3088 quin,
1107 2987 1143 3054 si
1165 2981 1348 3066 Helvetios
1374 3002 1470 3079 supe·

395 3183 511 3230 conarri
528 3187 555 3230 et
571 3184 729 3248 comportari
746 3199 799 3234 non
819 3181 885 3233 sub-

360 3244 445 3300 tiliter
462 3246 631 3298 distinxerim
639 3263 649 3313 3
679 3255 772 3317 putem
798 3259 884 3301 tamem

361 3315 474 3364 conferri
496 3313 659 3382 asingulis,
678 3319 837 3368 consonari
856 3319 884 3368 iu

361 3399 448 3432 unum
471 3379 561 3432 locum
591 3381 641 3442 in,
683 3335 755 3452 quoll
787 3383 885 3452 singuli

360 3445 538 3499 contulerant.
573 3447 606 3498 In
630 3458 698 3500 meta
721 3449 760 3502 br.
784 3468 822 3519 gr.
845 3460 885 3504 est

358 3517 550 3584 ispumans
574 3519 677 3583 &sictu-
696 3535 706 3568 t
730 3555 738 3568 .

392 3604 419 3634 aa
447 3586 511 3634 duci.
553 3583 597 3636 sie
631 3583 736 3636 'l'erent¹
779 3585 883 3638 Plrorut.

987 3184 1183 3252 Vergobreoun.
1236 3183 1341 3252 Lingua
1378 3180 1468 3254 Celtiar

952 3251 1023 3302 Fear
1034 3282 1048 3290 -
1056 3270 1091 3318 go
1104 3251 1209 3302 —brer'cb
1228 3261 1268 3302 est
1284 3254 1325 3302 vir
1342 3251 1376 3302 ad
1404 3245 1468 3300 iuu-

952 3319 1039 3384 clunr3
1058 3321 1185 3377 brentam,
1205 3319 1302 3386 iudex,
1314 3317 1401 3388 jiur,
1419 3315 1468 3374 vin

948 3404 999 3453 go,
1022 3387 1064 3438 nd.
1091 3388 1143 3439 viu.
1163 3385 1183 3436 l.
1205 3385 1343 3437 O-Brien
1367 3386 1396 3435 in
1424 3381 1468 3432 Ἑο-

950 3453 1030 3505 caloir
1048 3451 1217 3519 Gaoidhsilge
1244 3455 1296 3505 Sar
1306 3449 1427 3504 -bhearla
1443 3463 1469 3496 or

950 3539 982 3572 nn
1014 3519 1221 3590 lrislr-Englislr
1246 3521 1404 3589 dictionary.
1447 3521 1467 3576 l·

951 3587 1024 3640 Paris
1046 3592 1116 3650 1768.
1135 3585 1263 3640 inl'rael'.
1287 3607 1313 3656 p.
1333 3597 1373 3650 ²¹¹:-
1394 3575 1467 3652 Apud

359 3649 395 3709 3,
431 3669 467 3713 2,
506 3655 543 3702 15.
569 3663 598 3701 ut
624 3649 767 3721 plsaieratis
796 3655 883 3710 verbis

358 3717 435 3770 ducas
452 3736 501 3769 me.

391 3789 546 3854 nragistratu
555 3823 563 3848 ,
581 3785 671 3838 dativo
688 3807 748 3840 casu
768 3790 824 3841 sine
837 3807 882 3844 uc*

358 3855 474 3903 cessione
502 3853 599 3906 vocalis
616 3857 625 3903 i
632 3893 640 3916 ,
667 3856 739 3932 quael
763 3856 881 3908 solemne

357 3917 462 3970 Caesari
480 3920 579 3982 luisse,
609 3919 710 3973 Gellius
728 3921 759 3973 N.
791 3927 823 3974 A.
849 3933 879 3988 t,

359 3987 389 4035 rti
414 3985 614 4039 demonstravit.
657 3990 755 4040 Cultor.
803 3990 880 4043 Plura

354 4053 476 4121 ,exempla
493 4053 700 4124 Oudendorpius
718 4057 829 4126 collegit.
840 4059 878 4108 De

355 4137 462 4170 suurnro
470 4121 623 4174 Aeduorum
634 4126 785 4192 magistratu
819 4144 878 4174 nae-

356 4183 418 4234 rlaur
436 4186 576 4239 truduntur
594 4188 662 4239 inl'ra
681 4207 703 4254 7.
723 4190 764 4241 33.
819 4193 877 4242 ,θα

355 4252 407 4302 isto
437 4253 525 4304 dativo
554 4272 579 4304 v.
609 4254 699 4325 Brrgor
726 4258 758 4310 (le
788 4267 876 4310 natur.

353 4319 462 4395 pulerit.
482 4329 591 4440 arrrtp.
611 4332 667 4384 411.
755 4356 758 4364 -

386 4401 516 4452 praeerit.
538 4391 556 4440 Ρ
575 4424 581 4437 .
600 4404 747 4456 praeerunt.
777 4391 852 4447 male.

948 3655 986 3706 Le
1004 3654 1125 3708 Pellctier
1142 3657 1170 3706 in
1196 3655 1267 3707 Dict.
1285 3655 1317 3706 tle
1336 3653 1361 3704 la
1380 3654 1467 3718 langue

948 3721 1077 3776 Bretonne
1114 3723 1143 3774 ia
1176 3741 1238 3775 voce
1264 3723 1397 3788 Breugenu
1430 3733 1468 3766 οε-

945 3793 1031 3853 ,currit
1047 3793 1136 3850 biaut,
1154 3789 1267 3850 braant,
1288 3789 1425 3840 iudicium.

978 3859 1093 3928 precibus
1110 3857 1242 3908 adductus.
1267 3857 1308 3908 Cf.
1329 3875 1350 3910 c.
1373 3873 1411 3906 11.
1429 3847 1466 3903 :ll-

977 3931 1082 3996 privati.
1101 3925 1156 3976 Alii
1171 3928 1302 3994 privatim.

979 4013 1059 4062 nepus
1076 3993 1194 4043 dubitare
1212 4021 1244 4031 -
1263 3991 1309 4042 alii
1325 4009 1406 4058 neque
1421 3985 1462 4036 du·

945 4061 1028 4111 br'tare
1039 4061 1160 4120 debeam,
1172 4079 1224 4130 qno
1233 4060 1340 4108 debeant
1350 4057 1466 4108 turbatur

946 4130 1084 4196 syntaxis,
1099 4147 1161 4179 nam
1178 4147 1231 4178 non
1246 4125 1343 4204 penrlct
1356 4123 1404 4176 line
1414 4136 1464 4196 rpr·

946 4195 1010 4246 burn
1021 4195 1154 4264 abaliquo
1165 4189 1463 4264 superiorum.Clarlnus

945 4263 973 4312 in
1001 4263 1091 4312 debore
1115 4262 1199 4312 voluit
1226 4259 1343 4320 rurrtari,
1361 4255 1463 4310 Oudon·

943 4329 1053 4398 ‹lor-pins
1074 4330 1171 4380 omitti.
1190 4327 1243 4381 sed
1269 4345 1320 4377 nun
1336 4335 1417 4395 puto,
1434 4333 1460 4368 «¹1

943 4399 1017 4450 ouini
1030 4399 1179 4468 iaaaairairtp
1198 4394 1345 4449 laciendum
1363 4411 1416 4447 esst
1427 4385 1460 4438 lt·
