3032 5266
725 353 781 414 DE
815 354 948 416 BELLO
984 357 1112 416 ClVlLl

362 555 526 744 ciunturp
564 555 732 630 Instabat
757 581 890 658 agmen
916 559 1081 632 Caesaris
1107 563 1219 656 atque
1253 559 1447 634 universum

362 673 501 742 romine
529 677 580 744 at.

412 785 473 858 81.
501 785 599 863 Tum
632 809 722 860 vero
749 809 868 884 neque
902 785 949 858 ad
988 785 1258 886 explorandum
1290 785 1445 858 idoneum

359 895 486 971 locum
514 901 666 990 castris,
691 925 810 997 neque
837 901 882 974 ad
911 901 1224 1002 progrediendum
1248 897 1333 972 data
1350 897 1451 972 lacul-

361 1021 460 1106 tate,
498 1019 708 1091 consistunt
746 1019 952 1092 necessario
982 1026 1021 1092 et
1053 1017 1184 1118 procul
1216 1015 1265 1088 ab
1288 1039 1384 1112 xaqua
1423 1021 1453 1085 et

293 1189 296 1195 .
362 1134 500 1202 natura
525 1131 652 1230 iniquo
678 1131 783 1222 loco,
809 1139 932 1206 castra
958 1138 1115 1232 ponunt.
1167 1129 1241 1219 Sed
1269 1129 1392 1202 iisdem
1419 1123 1453 1196 de

361 1247 499 1320 caussis
525 1248 678 1340 Caesar,
696 1271 790 1346 quae
817 1273 930 1348 supra
948 1255 1036 1322 sunt
1054 1247 1354 1333 demonstratae,
1369 1265 1455 1342 proc

359 1358 410 1434 lio
437 1363 594 1463 amplius
625 1389 699 1440 non
724 1363 872 1439 lacessit
890 1371 928 1438 et
946 1389 990 1437 eo
1011 1364 1070 1438 die
1088 1362 1331 1438 tabernacula
1359 1359 1454 1432 statui

361 1501 489 1576 passus
515 1504 588 1554 non
616 1486 694 1572 est,
719 1505 794 1578 quo
820 1481 1023 1579 paratiores
1050 1489 1171 1556 essent
1203 1480 1252 1553 ad
1279 1482 1455 1574 insequen-

363 1594 454 1668 dum
480 1622 633 1686 omnes,
657 1599 736 1670 sive
762 1603 901 1686 noctu,
934 1599 1013 1670 sive
1038 1597 1199 1670 interdiu
1226 1599 1455 1694 erumperent.

361 1709 418 1784 llli
445 1714 569 1802 enim,
593 1713 749 1788 adverso
776 1715 869 1788 vitio
896 1719 1124 1802 castrorum,
1150 1719 1233 1788 tota
1261 1717 1370 1786 nocte
1387 1731 1455 1781 mu·

362 1829 519 1902 ultiones
539 1829 754 1927 proferunt,
771 1836 967 1928 castraque
985 1831 1116 1904 castris
1130 1835 1373 1906 convertunt.
1388 1829 1454 1898 Hoc

362 1943 462 2018 idern
493 1951 642 2044 postero
673 1945 731 2020 die
757 1973 779 2018 a
805 1947 925 2046 prima
949 1945 1032 2020 luce
1054 1945 1198 2020 faciunt
1215 1953 1410 2042 totumque
1425 1943 1453 2012 iu

363 2083 408 2132 ea
433 2083 473 2132 re
499 2060 597 2134 diem
616 2066 854 2134 consumunt.
886 2059 977 2150 Sed,
998 2065 1182 2158 quantum
1200 2083 1313 2159 opere
1333 2077 1455 2158 proces

363 2184 490 2251 serant
516 2185 554 2250 et
580 2183 703 2252 castra
729 2175 984 2276 protulerant,
1007 2181 1115 2250 tanto
1134 2173 1293 2252 aberant
1311 2176 1358 2248 ab
1377 2193 1453 2264 aqua

363 2289 509 2396 longius
534 2300 574 2368 et
599 2295 782 2394 praesenti
809 2291 909 2366 malo
931 2291 1010 2366 aliis
1028 2291 1135 2366 malis
1155 2293 1321 2368 remedia
1339 2289 1453 2364 daban·

363 2413 438 2481 tur.
464 2410 589 2482 Prima
615 2415 726 2482 nocte
753 2407 914 2506 aquandi
936 2431 1066 2480 caussa
1092 2429 1201 2480 nemo
1223 2405 1453 2506 egrediturex

365 2523 514 2594 castris:
542 2523 714 2620 proximo
742 2522 825 2612 die,
864 2519 1044 2620 praesidio
1084 2521 1122 2592 in
1161 2522 1294 2594 castris
1320 2516 1453 2596 relicto,

365 2639 555 2710 universas
573 2637 619 2710 ad
638 2663 775 2734 aquam
790 2639 914 2738 copias
928 2637 1117 2724 educunt;
1136 2637 1356 2735 pabulatum
1370 2630 1454 2704 emil-

351 2753 462 2828 .titur
485 2778 609 2828 nemo.
662 2755 729 2826 His
755 2777 818 2826 eos
843 2751 1026 2854 subplices
1054 2753 1161 2828 malis
1187 2755 1316 2830 haberi
1342 2753 1453 2826 Caesar

371 3149 471 3252 caue.
482 3147 560 3198 supra
576 3149 598 3182 s.
614 3127 680 3180 dan.
735 3129 789 3182 vid.
806 3145 829 3182 e·
848 3143 889 3192 72.

445 3215 508 3250 nus.

402 3294 517 3350 mattas.
529 3291 584 3342 Hoc
596 3289 698 3344 addidit
708 3289 776 3342 Orrd.
789 3309 802 3338 e
814 3288 890 3341 codd.

368 3367 397 3412 ot
413 3361 473 3413 edel.
490 3359 693 3411 vernonissum
710 3376 724 3408 e
741 3355 883 3422 scaligero.

402 3454 448 3504 Illi
466 3455 546 3516 enim,
563 3452 705 3502 enimvero.
722 3447 777 3502 vid.
790 3447 847 3500 lnd.
863 3449 891 3498 iu

368 3525 444 3572 enim.
461 3517 614 3572 Advertuut
625 3526 770 3570 castrorum
781 3517 891 3576 vitium,

369 3589 417 3658 qui
441 3585 670 3642 animadvertunt,
693 3603 720 3636 se
744 3583 835 3652 procul
857 3581 892 3634 ab

369 3673 438 3773 apua
450 3663 477 3706 et
488 3655 579 3722 iniquo
595 3651 653 3704 loeo
664 3661 748 3704 castra
766 3651 891 3720 posuisse·
914 3705 917 3711 ,

402 3813 489 3852 castra
500 3821 520 3850 a.
532 3812 694 3859 cameriam,
711 3805 891 3862 commutant3

371 3866 506 3938 prioribus
523 3865 635 3926 relictis,
652 3865 704 3918 alia
721 3884 809 3918 rursus
826 3863 893 3918 alibi

371 3937 481 3988 lbciriut·
498 3933 543 3987 Sic
560 3936 670 3986 Vossius
688 3932 814 4003 explicat,
834 3951 893 4000 pro·

370 4002 489 4074 bonique
501 4001 629 4056 Callarius
647 4010 673 4052 ct
690 4000 760 4052 oud.
778 4000 893 4052 Scusunr

371 4079 438 4139 puto
456 4089 510 4122 esse
528 4067 612 4133 hunc3
631 4087 665 4119 an
687 4080 835 4118 causemur
857 4067 893 4118 sit

370 4153 431 4188 vera
449 4138 594 4207 scriptura,
613 4133 764 4186 subdubito.
794 4135 831 4184 M.
848 4133 893 4186 Sic

371 4202 466 4255 saltem
484 4203 559 4256 codd.
576 4213 604 4254 et
620 4201 680 4254 edd.
690 4211 754 4253 vett.
766 4199 822 4252 Alii
835 4201 893 4270 qui-

372 4269 434 4319 dam
442 4282 622 4324 convenerunt,
634 4267 709 4320 rrullo
721 4287 813 4329 seusu,
823 4268 893 4320 uncle

373 4337 489 4388 Ciascon.
503 4336 668 4389 coniectabat
676 4336 816 4405 carajorum.
828 4337 893 4386 Vos-

373 4403 429 4456 sius
445 4401 534 4473 paullo
552 4403 679 4457 remofius
695 4420 710 4454 a
729 4402 838 4456 Caesare
855 4419 893 4456 ca·

957 3133 1088 3243 straduova
1101 3125 1221 3195 posuisse
1231 3131 1364 3205 autumat,
1373 3121 1454 3236 etbrprp

958 3211 1185 3330 dirlbtiaiu’pitdbiirns
1193 3199 1454 3330 qbibilapliaimsslirliiui

958 3326 1042 3378 Bentl.
1059 3325 1118 3378 vult
1133 3331 1288 3378 continuant.

989 3437 1109 3503 purximo
1121 3433 1247 3512 dse3ueic
1258 3451 1363 3505 quoque
1372 3422 1454 3478 solebat

956 3499 1210 3621 {galfptetstllavisrus
1234 3511 1326 3554 contr-n
1350 3492 1414 3552 codd.
1434 3491 1454 3536 rt

994 3657 1044 3710 His
1056 3677 1099 3709 eos
1110 3657 1190 3725 rubpl.
1200 3685 1232 3696 -
1246 3657 1293 3709 His
1306 3655 1379 3708 matis
1388 3642 1453 3698 voluit

960 3725 1074 3787 edicere,
1091 3735 1123 3776 ut
1139 3743 1183 3775 eos
1203 3723 1335 3795 subplices
1357 3718 1400 3772 sibi
1420 3711 1452 3760 ln·

959 3793 1041 3845 beret.
1075 3795 1119 3847 Sic
1144 3791 1284 3860 legendum
1311 3797 1380 3862 purat
1399 3773 1451 3858 llud·

959 3861 1045 3926 Vulgo
1062 3857 1205 3928 legebatur:
1232 3857 1285 3910 His
1302 3877 1344 3908 eos
1359 3847 1452 3918 salpi-¹⁶5¹

959 3929 1026 3980 male
1043 3927 1131 3978 iuberi
1142 3955 1175 3965 -
1184 3933 1211 3975 et
1228 3934 1266 3977 est
1284 3919 1410 3991 multiplex
1422 3909 1451 3988 fit·

959 3997 1075 4048 versitas.
1095 3993 1260 4060 Legendum,
1278 4000 1307 4043 ut
1326 3989 1451 4052 ciaconus

959 4065 1108 4130 suspicatus
1126 4071 1183 4120 cst,
1198 4069 1224 4110 et
1241 4059 1319 4128 plane
1343 4057 1414 4110 exsut
1430 4057 1450 4090 Ν

933 4137 936 4144 “
959 4130 1047 4182 codice
1074 4131 1194 4182 omniurn
1218 4128 1333 4195 optimo:
1357 4119 1400 4175 His
1420 4125 1450 4160 0⁰¹

960 4199 1083 4266 subplrca'is
1101 4199 1129 4259 (i.
1147 4215 1169 4246 e.
1189 4195 1314 4253 miseriis,
1333 4207 1389 4262 quae
1405 4181 1451 4232 ⁵¹¹¹¹i

961 4283 1058 4334 poenae
1082 4263 1161 4324 loco)
1178 4262 1246 4312 nralr
1271 4261 1363 4311 lauteri.
1378 4245 1451 4315 *fif

961 4341 1049 4384 autem
1074 4331 1218 4398 subplicium
1242 4327 1350 4380 verbum
1372 4322 1450 4373 (ΣΒ-*3η

961 4401 1086 4456 usitatum
1101 4399 1131 4452 iu
1149 4397 1198 4456 bac
1220 4415 1255 4451 ru·
1279 4393 1331 4454 rid.
1352 4411 1372 4448 c·
1391 4389 1416 4446 84
1432 4381 1451 4428 ‘l
