3032 5266
369 341 466 442 404
733 355 796 414 uu·
825 355 959 414 urcio
993 355 1120 416 cum

370 553 619 654 proficiscitur
655 555 968 656 inprudentesque
1006 565 1093 632 ante
1132 557 1248 630 missis
1285 554 1443 654 equitibus

369 671 598 771 adgreditur.
623 671 800 746 Celeriter
825 681 951 746 tamen
978 699 1056 746 sese
1083 671 1178 744 Galli
1207 675 1342 770 equites
1358 697 1443 768 expe·

369 787 479 856 diunt
505 785 759 884 proeliumque
786 793 1043 860 committunt.
1069 788 1140 876 Hi,
1165 787 1253 859 dum
1283 788 1355 884 pari
1384 809 1445 856 cer·

368 903 511 973 tamine
537 925 595 974 res
620 903 696 1002 geri
725 905 863 1000 potuit,
890 928 1068 1002 magnum
1094 903 1257 976 hostium
1276 923 1444 974 numerum

371 1019 479 1112 pauci
507 1018 734 1104 sustinuere;
759 1017 841 1106 sed,
868 1019 931 1090 ubi
954 1020 1058 1118 signa
1075 1017 1265 1116 legionum
1282 1017 1447 1113 adpropin·

370 1158 484 1230 qnare
510 1140 731 1231 coeperunt,
757 1133 885 1231 paucis
903 1135 1061 1222 amissis,
1079 1157 1156 1205 sese
1174 1135 1212 1205 in
1230 1141 1369 1205 montes
1384 1155 1448 1228 pro·
1480 1123 1481 1140 ¹

365 1255 486 1323 ximos
503 1249 713 1324 conferunt.
727 1251 809 1322 Hoc
823 1275 967 1350 pugnae
985 1257 1133 1348 tempus
1147 1268 1324 1366 magnum
1341 1248 1451 1320 adtulit

366 1366 503 1437 nostris
529 1363 760 1438 adsalutem
787 1372 1040 1438 momentum:
1066 1367 1167 1436 nacti
1196 1365 1296 1435 enim
1313 1363 1449 1459 spatium

368 1501 406 1548 se
432 1477 470 1548 in
497 1475 578 1549 ioca
603 1479 793 1576 superiora
818 1485 1051 1577 receperunt.
1083 1476 1291 1548 Desiderati
1316 1480 1396 1545 sunt
1416 1495 1448 1542 eo

367 1592 426 1664 die
452 1593 634 1691 sagittarii
661 1595 809 1664 circiter
835 1593 918 1682 CC,
954 1597 1097 1692 equites
1132 1595 1267 1691 pauci,
1300 1589 1449 1662 catonum

367 1713 481 1802 atque
507 1706 846 1803 inpedimentorum
871 1731 946 1780 non
972 1730 1131 1807 magnus
1156 1727 1344 1778 numerus.

418 1822 479 1892 52.
505 1822 572 1892 His
597 1827 727 1924 tamen
751 1823 923 1895 omnibus
949 1847 1094 1894 annona
1121 1821 1267 1898 creuit:
1287 1815 1451 1914 quaesere

367 1959 426 2008 res
453 1961 528 2008 nou
553 1935 676 2010 solum
700 1938 825 2036 inopia
851 1939 1078 2036 praesentis,
1102 1935 1166 2008 sed
1205 1935 1321 2008 etiam
1358 1929 1451 2004 futuri

369 2053 549 2148 temporis
573 2053 708 2126 timore
733 2054 989 2153 ingravescere
1016 2053 1221 2126 consuevit.
1249 2053 1395 2144 lamque
1415 2041 1449 2114 ad

370 2166 539 2240 denarios
564 2169 596 2240 L
620 2169 660 2240 iu
685 2167 849 2268 singulos
887 2167 1032 2240 modios
1070 2192 1216 2240 annona
1258 2165 1451 2265 pervenerat

367 2289 409 2356 et
434 2282 598 2356 miiitum
619 2284 717 2358 vires
742 2284 866 2381 inopia
888 2283 1064 2358 frumenti
1085 2283 1339 2368 deminuerat;
1364 2287 1451 2376 atque

367 2399 607 2472 incommoda
633 2399 671 2472 in
696 2399 773 2474 dies
798 2399 1053 2498 augebantur3
1080 2391 1223 2474 ettam
1250 2401 1375 2499 paucis
1398 2395 1453 2467 die·

367 2515 437 2588 hus
464 2541 599 2617 magna
626 2523 707 2590 erat
733 2539 858 2588 rerum
885 2514 986 2587 facta
1013 2518 1263 2588 commutatio
1283 2541 1328 2588 ac
1346 2539 1381 2588 sc
1397 2513 1451 2586 sor

367 2639 461 2704 tuna
478 2633 740 2734 inclinaverat,
757 2617 801 2702 ut
819 2631 935 2702 nostri
954 2655 1088 2730 magna
1107 2632 1231 2730 inopia
1250 2631 1452 2706 necessaria·

366 2772 452 2819 rum
469 2769 596 2818 rerum
614 2743 944 2848 conflictarentur3
968 2745 1020 2819 illi
1039 2748 1212 2820 omnibus
1242 2749 1453 2823 abundarent

366 2863 476 2936 rebus
490 2863 768 2961 superioresque
783 2861 1021 2935 haberentur.
1040 2861 1176 2937 Caesar
1188 2865 1234 2936 iis
1248 2865 1454 2946 civitatibus,

367 3005 472 3078 qnae·
488 2978 534 3050 ad
561 2979 639 3052 eius
661 2977 864 3051 amicitiam
884 2984 1132 3068 accesserant,
1158 3005 1239 3078 quo
1254 2984 1375 3055 minor
1391 2981 1454 3052 erat

366 3093 546 3167 frumenti
571 3094 703 3191 eopia,
730 3116 842 3190 pecus
868 3091 1102 3190 imperabat3
1136 3091 1284 3168 catones
1319 3094 1364 3168 ad
1386 3093 1453 3165 lou·

367 3212 582 3312 ginquiores
599 3211 772 3281 civitates
790 3207 1022 3294 dimittebat;
1049 3209 1125 3306 ipse
1144 3218 1372 3308 praesentem
1390 3212 1454 3282 ino·

364 3327 493 3422 piam,.
513 3323 646 3420 quibus
675 3327 823 3420 poterat
848 3319 1042 3410 subsidiis,
1065 3323 1275 3396 tutabatur.

417 3439 477 3509 53.
502 3437 605 3508 Haec
632 3429 807 3509 Afranius
833 3435 1073 3532 Petreiusque
1113 3441 1151 3508 et
1189 3461 1322 3510 eorum
1360 3431 1453 3506 amici

363 3545 531 3649 pleniora
555 3550 671 3624 etiarn
697 3556 810 3649 atque
838 3548 1009 3638 uberiora
1033 3551 1195 3623 Romam
1221 3549 1267 3622 ad
1290 3573 1375 3622 suos
1390 3567 1453 3644 per·

395 3921 449 3976 ffls
473 3919 568 3972 εαωέη.
593 3920 733 3988 Inteliige,
764 3921 884 3993 quamvis
953 3921 1069 3990 pretinm
1094 3927 1150 3973 erat
1174 3928 1275 3973 motare
1298 3925 1326 3972 in
1346 3913 1454 3988 pineum*¹

362 3988 413 4042 hoc
429 4005 529 4059 pugnae
546 3997 652 4060 tempus
670 4007 793 4058 maguum
811 3989 884 4040 adtu-
953 3996 999 4040 aut
1017 4007 1047 4040 ex
1068 4006 1161 4056 ungere
1179 3991 1274 4057 inopia.

362 4053 424 4111 ierit
441 4063 606 4107 momentum
623 4055 657 4108 nd
674 4057 794 4110 salutem.
816 4055 883 4126 Ergo
986 4057 1021 4106 ad
1042 4007 1164 4106 «tinnire
1185 4055 1215 4106 L.
1237 4056 1304 4108 Cum
1325 4051 1396 4106 codd.
1417 4045 1454 4096 tu·

362 4141 416 4175 non
435 4141 503 4193 opus
519 4121 602 4192 legere
619 4121 672 4175 Hir
689 4135 749 4175 tum.
952 4121 1052 4183 beant,
1069 4122 1104 4172 ad
1120 4121 1182 4182 XL,
1200 4121 1398 4189 Oudendorpius
1412 4113 1452 4186 hoc

952 4187 1054 4240 indicat
1066 4207 1121 4240 esse
1131 4189 1317 4258 compendium
1327 4178 1450 4240 scribendi·

394 4273 447 4303 non
460 4255 542 4305 rotam
558 4260 646 4325 inopia
661 4261 813 4324 praesentis.
833 4255 882 4308 Lo·
952 4265 983 4307 ut
1000 4255 1026 4307 X
1042 4257 1078 4308 sit
1096 4263 1157 4308 note
1174 4255 1289 4316 denarii,
1308 4255 1331 4305 1.
1348 4260 1403 4303 noto
1419 4263 1452 4318 nn·

361 4319 472 4390 gebatur
493 4325 520 4372 in
543 4323 602 4374 aliis
626 4327 714 4392 inopia
731 4342 782 4373 non
804 4325 886 4374 solnm
953 4323 1035 4381 meri,
1062 4321 1208 4392 probatque
1236 4321 1300 4374 adro
1330 4320 1390 4373 110⁵.
1417 4327 1452 4382 ‘1¹¹¹

359 4405 446 4464 pinea.
476 4387 568 4441 cortem
598 4408 684 4442 semo.
717 4407 766 4440 neo
792 4407 889 4459 operae
952 4390 986 4440 ad
1002 4389 1123 4441 (ternarios
1142 4391 1163 4442 L
1180 4389 1328 4446 ediderunt.
1345 4386 1383 4439 Μ.
