3040 5264
344 365 434 486 134
699 397 756 460 na
791 396 926 460 astro
960 398 1082 464 narn.

335 603 449 696 atque
475 591 632 672 insulam
660 621 792 698 capere
818 619 893 672 non
919 601 1132 700 potuerant.
1156 598 1240 676 Hoc
1261 621 1379 674 unum
1400 597 1441 674 ad

334 716 530 816 pristinam
557 713 748 789 fortunam
774 715 924 790 Caesari
952 715 1083 790 deluit.

386 850 447 919 27.
465 827 602 902 Hostes
620 828 760 929 proelio
778 829 961 929 superati,
979 827 1090 904 simul
1108 834 1221 926 atque
1239 851 1280 901 se
1301 851 1350 902 ex
1365 827 1442 926 fuga

334 953 583 1046 receperunt,
617 949 745 1022 statim
761 993 768 1018 .
782 947 829 1020 ad
864 946 1059 1020 Caesarem
1096 945 1240 1048 legatos
1277 945 1326 1020 de
1362 967 1443 1044 pace

335 1064 535 1142 miserunt:
563 1062 709 1147 obsides
735 1063 910 1151 daturos,
936 1087 1105 1162 quaeque
1130 1065 1355 1162 imperasset
1377 1085 1445 1134 sese

331 1181 520 1272 tacturos,
538 1181 694 1282 polliciti
711 1185 811 1254 sunt.
828 1181 912 1254 Una
929 1205 1018 1254 cum
1035 1179 1092 1254 his
1109 1177 1240 1279 legatis
1260 1180 1446 1254 Commius

332 1298 493 1372 Atrebas
508 1299 629 1387 venit,
640 1319 752 1396 quern
766 1320 878 1394 supra
892 1295 1240 1370 demonstraveram
1256 1318 1282 1366 a
1296 1291 1445 1368 Caesare

332 1413 624 1492 inllritonniarn
642 1413 899 1512 praemissum.
916 1414 1027 1486 Hunc
1044 1409 1097 1486 illi
1111 1437 1130 1486 e
1145 1413 1231 1486 navi
1249 1435 1446 1514 egressum,

333 1555 451 1628 quum
466 1532 513 1605 ad
528 1557 594 1605 eos
609 1532 770 1604 oratoris
789 1515 903 1602 modo
920 1529 1154 1626 imperatoris
1172 1529 1359 1604 mandata
1375 1553 1445 1628 per·

333 1643 465 1731 terret,
481 1643 841 1744 comprehenderant
855 1649 967 1741 atque
980 1644 1018 1716 in
1036 1641 1185 1718 vincula
1200 1645 1447 1718 coniecerant:

332 1768 437 1851 tum,
452 1762 593 1861 proelio
611 1762 733 1852 facto,
745 1761 969 1834 remiserunt
983 1764 1022 1832 et
1034 1759 1071 1832 in
1086 1759 1243 1860 petenda
1263 1784 1360 1862 pace
1376 1759 1443 1833 eius

331 1879 388 1952 rei
414 1877 563 1978 culpam
582 1880 620 1952 in
637 1876 916 1952 multitudinem
943 1875 1187 1952 contulerunt
1212 1885 1272 1969 et,
1300 1883 1443 1978 propter

331 1995 610 2095 inprudentiam
627 2002 670 2069 ut
681 1997 955 2096 ignosceretur,
970 1994 1197 2094 petiverunt.
1211 1998 1353 2072 Caesar
1365 2018 1442 2092 que·

295 2195 298 2204 Ι
332 2117 434 2203 stus,
451 2111 571 2210 quod,
592 2133 709 2210 quum
728 2109 829 2184 ultro
845 2110 886 2184 in
902 2111 1160 2184 continentem
1176 2109 1315 2210 legatis
1333 2107 1442 2184 missis

332 2249 466 2326 pacem
485 2225 532 2299 ab
550 2227 802 2325 sepelissent,
820 2222 959 2298 bellum
974 2225 1052 2298 sine
1070 2247 1201 2300 caussa
1217 2223 1441 2310 intulissent,

334 2343 531 2444 ignoscere
556 2343 815 2442 inprudentiae
842 2340 956 2430 dixit,
982 2339 1201 2440 obsidesque
1226 2340 1438 2442 imperarit:

333 2481 495 2558 quorum
512 2460 564 2534 illi
583 2467 731 2559 partem
747 2457 875 2530 statim
891 2453 1093 2548 dederunt,
1108 2465 1275 2556 partem,
1292 2483 1342 2532 ex
1363 2456 1439 2530 lon·

334 2575 594 2676 giuquioribus
614 2572 705 2646 locis
723 2572 960 2662 arcessitam,
986 2573 1114 2671 paucis
1132 2571 1262 2646 diebus
1284 2597 1363 2645 sese
1380 2567 1439 2640 da·

333 2695 441 2760 turos
468 2689 655 2762 dixerunt.
686 2687 832 2758 interea
849 2709 936 2758 suos
953 2687 1154 2786 remigrare
1179 2687 1217 2758 in
1244 2707 1354 2788 agros
1372 2683 1440 2753 ius·

334 2808 463 2874 serunt
479 2801 738 2901 principesque
755 2799 917 2896 undique
931 2823 1140 2874 convenere
1152 2806 1191 2874 et
1204 2823 1243 2874 se
1255 2801 1439 2874 civitates·

334 2943 407 3016 que
426 2943 511 2992 suas
528 2917 677 2992 Caesari
695 2916 959 2991 commendare
977 2925 1192 3016 coeperunt.
1236 2989 1239 2994 .

385 3034 446 3106 28.
461 3032 529 3106 llis
544 3031 655 3105 rebus
669 3057 759 3132 pace
774 3029 1007 3114 confirmata,
1023 3038 1108 3129 post
1121 3032 1220 3106 diem
1235 3035 1320 3126 llll,
1334 3049 1438 3131 quarn

334 3151 392 3218 est
419 3147 458 3218 in
483 3145 717 3220 Britanniam
738 3151 914 3234 ventum,
940 3169 1054 3219 naves
1071 3147 1213 3235 XVlll,
1241 3145 1288 3220 de
1314 3143 1438 3245 quibus

334 3283 449 3360 supra
462 3261 764 3336 demonstratum
778 3265 834 3332 est
845 3309 857 3349 ,
869 3281 964 3356 quae
979 3259 1122 3357 equites
1137 3259 1382 3348 sustulerant,
1398 3275 1438 3327 ex

333 3503 436 3554 mni,
459 3504 519 3544 sum
548 3487 667 3545 munds
689 3495 769 3542 rento
794 3505 857 3560 pro·
924 3497 967 3540 tus
979 3493 1061 3553 esset)
1074 3489 1195 3544 conaris
1211 3493 1338 3544 mandata
1350 3483 1438 3560 perfer·

332 3557 478 3646 vehuntur,
488 3567 589 3678 οἱ,Ὲο
599 3555 727 3646 teudqnt,
737 3557 857 3607 veniunt.
924 3569 972 3607 ree,
990 3555 1022 3608 ln
1041 3555 1090 3611 laos
1107 3559 1178 3610 enim
1196 3567 1236 3611 est
1253 3559 1363 3623 iniuria,
1371 3545 1435 3636 9⁰⁰4

331 3624 364 3678 ln
382 3631 428 3680 tar.
448 3635 539 3696 metap
571 3661 578 3676 .
597 3634 638 3678 est
655 3631 809 3692 nsrepoana
819 3624 856 3675 M.
923 3623 1306 3695 lagatumeonaprslaenderurrt
1319 3625 1436 3699 ludicen}

365 3693 463 3764 legatos
481 3693 513 3744 de
527 3711 599 3763 pase.
629 3690 669 3744 Ex
693 3691 812 3743 Morinis.
831 3707 858 3742 v.
924 3695 1004 3742 etiam
1021 3689 1144 3744 Oudend.
1172 3711 1225 3745 unu
1252 3703 1348 3746 temere
1365 3687 1435 3743 viden

331 3759 385 3813 Dio
402 3759 449 3829 39,
468 3765 508 3811 51.
923 3757 1103 3810 damnandam
1131 3753 1198 3812 h'aue
1226 3757 1373 3814 lectionem·
1403 3751 1435 3828 Μ,

365 3829 559 3902 „rejectanea
576 3825 726 3880 Pronum
742 3825 816 3878 deest
829 3825 858 3880 in
924 3825 981 3903 lmo
998 3840 1059 3878 vern
1075 3826 1266 3882 mutuandum
1277 3829 1374 3884 ludios·
1388 3819 1435 3875 Alfi

331 3893 452 4027 Ἕνα·
482 3959 525 4013 Cs-
542 3977 565 4012 ⁰·
583 3975 624 4014 ²¹·
649 3959 735 4031 Vulso
751 3959 857 4012 &mn-
922 3893 1127 4024 mmm
1150 3971 1197 4026 sur
1213 3979 1377 4029 amm.

332 4033 477 4084 m'imm·
493 4028 532 4079 u·
957 4049 1027 4101 ultro
1051 4051 1143 4121 legaris
1165 4056 1258 4104 nassis.
1292 4054 1335 4106 Cf.
1358 4071 1378 4104 c·
1400 4061 1433 4098 2¹·

331 4093 751 4216 duqqqmwss'dmffisgffim
763 4091 857 4213 '3:5¹
925 4117 1064 4173 Corrtinens
1081 4127 1121 4170 est
1137 4119 1233 4173 Gallia.
1249 4121 1293 4174 M.

331 4227 456 4306 phraseos
463 4227 857 4281 Graecaeeteodicumomuinn
956 4221 1101 4254 ‘mmm'
1119 4201 1221 4266 P⁰ll¹¹⁸r
1238 4207 1375 4256 wellin·
1391 4191 1425 4249 Μ·

226 4351 231 4359 ,
332 4313 467 4355 ornurum,
484 4305 586 4366 praeter
603 4305 753 4348 unumaest
768 4305 857 4348 antam
954 4302 1016 4352 {²⁰⁰⁶
1031 4281 1196 4355 wlfirmfllfl·
1213 4283 1387 4353 &lllfimsslss-

331 4359 406 4416 lraoc:
425 4379 502 4430 quaem
523 4362 558 4412 ad
581 4379 624 4414 soa
648 4367 762 4414 oratoris
781 4365 856 4414 nardo
957 4363 1154 4431 roprande.
1173 4361 1214 4414 23.
1234 4363 1275 4415 Da
1291 4360 1431 4416 :muleram

332 4431 500 4502 (mma-er
519 4427 857 4502 metanomiam
923 4429 1273 4486 clunianenses..
