3032 5266
376 423 455 484 nm.
491 425 517 482 1.
553 424 645 484 cnr.
685 389 858 508 61-64.
1076 407 1165 509 411
1262 381 1271 398 ’

49 657 180 735 quum
206 633 401 710 altitudine
428 663 571 736 aquae,
597 645 680 713 tum
702 639 820 712 etiam
836 636 1036 736 rapiditate
1052 637 1175 712 flumi-

48 753 117 822 nis
144 749 193 823 ad
217 749 486 826 transeundum
512 753 780 852 inpedirentur.
806 752 878 826 Sed
897 757 1022 826 tamen
1040 753 1172 826 eodem

48 865 136 936 sere
162 869 332 963 tempore
359 887 451 964 pons
477 867 515 940 in
541 867 650 940 lbcro
675 891 790 968 prope
828 863 982 962 effectus
1015 867 1175 940 nuncia·

49 979 174 1050 batur
204 983 244 1077 et
275 979 315 1052 in
344 980 464 1054 Sicori
496 981 635 1070 vadum
671 980 936 1082 reperiebatur.

109 1087 174 1164 63.
201 1093 280 1163 lem
298 1114 389 1166 vero
407 1119 451 1166 eo
470 1097 588 1196 magis
606 1095 658 1169 illi
669 1093 942 1172 maturandum
959 1091 1032 1165 iter
1049 1091 1174 1165 existi-

50 1209 226 1281 mabant.
253 1207 408 1307 ltaque,
435 1209 579 1285 duabus
597 1213 836 1302 auxiliaribus
855 1209 1071 1285 cohortibus
1087 1208 1175 1283 lter-

51 1325 127 1398 dae
155 1325 337 1423 praesidio
363 1325 521 1412 relictis,
549 1327 722 1402 omnibus
740 1327 855 1428 copiis
874 1326 1032 1400 Sicorim
1049 1331 1175 1399 trans-

54 1443 156 1511 eunt
182 1445 333 1512 etcum
362 1439 506 1514 duabus
532 1440 761 1541 legionibus,
801 1465 892 1540 quas
925 1440 1174 1538 superioribus
1274 1509 1281 1518 .

55 1555 193 1628 diebus
219 1555 530 1648 transduxerant,
556 1564 680 1632 castra
705 1558 951 1658 coniungunt.
976 1555 1174 1653 Relinque·

52 1673 177 1746 batur
193 1673 340 1747 Caesari
359 1671 472 1764 nibil,
497 1673 567 1748 nisi
588 1675 645 1748 uti
663 1674 833 1772 equitatu
850 1697 984 1773 agmen
1002 1673 1173 1746 adversa-

55 1789 206 1860 riorum
223 1786 319 1860 male
345 1787 500 1862 haberet
529 1795 569 1862 et
595 1795 786 1888 carperet3
813 1782 906 1887 pons
931 1789 1030 1858 enim
1059 1787 1172 1886 ipsius

56 1923 244 2000 magnum
258 1901 459 1976 circuitum
472 1901 712 1992 habebat‚ut
725 1900 846 1975 multo
860 1899 1028 1972 breviore
1040 1899 1171 1972 itinere

53 2011 112 2084 illi
132 2011 181 2085 ad
197 2013 346 2088 Iberum
366 2015 560 2114 pervenire
578 2021 740 2116 possent.
765 2013 920 2113 Equites
942 2011 989 2084 ab
1008 2035 1052 2084 eo
1070 2013 1174 2085 missi

57 2125 202 2201 flumen
230 2137 425 2206 transeunt
451 2137 510 2224 et,
535 2155 651 2231 quum
668 2131 714 2205 de
732 2133 843 2206 tertia
864 2128 988 2230 vigilia
1006 2130 1175 2206 Petreius

57 2250 176 2341 atque
203 2245 378 2320 Afranius
395 2253 519 2322 castra
536 2249 758 2338 movissent,
776 2253 929 2346 repente
948 2269 1025 2318 sese
1044 2244 1089 2317 ad
1110 2269 1177 2317 no·

59 2361 260 2434 vissimum
291 2387 425 2463 agmen
456 2363 657 2438 ostendunt
683 2371 742 2456 et,
771 2387 908 2465 magna
934 2361 1176 2435 multitudine
1286 2445 1291 2452 ,

60 2477 316 2568 circumfusa,
341 2485 480 2553 morari
506 2485 620 2577 atque
644 2480 717 2556 iter
745 2480 908 2582 inpedire
933 2479 1131 2576 incipiunt.
1253 2469 1255 2476 ’

112 2595 175 2682 64.
202 2595 328 2668 Prima
353 2593 436 2670 luce
463 2619 510 2668 ex
535 2595 784 2695 superioribus
809 2593 927 2684 locis,
961 2619 1057 2692 quae
1076 2593 1172 2667 Cae·

59 2711 154 2784 saris
181 2715 311 2788 castris
337 2719 445 2786 erant
471 2714 692 2804 coniuncte,
719 2711 965 2800 cernebatur,
982 2711 1170 2807 equitatus

60 2829 179 2904 nostri
207 2827 347 2928 proelio
372 2829 592 2903 novissimos
609 2829 759 2902 illorum
778 2828 895 2927 premi
914 2826 1170 2918 vehementer,

60 2971 105 3020 ac
134 2969 401 3044 nonnunquam
427 2946 607 3020 sustinere
632 2953 844 3020 extremum
884 2968 1020 3045 agmen
1058 2957 1170 3044 atque

57 3064 279 3162 interrumpi
296 3091 305 3133 ε
333 3061 424 3134 alias
437 3061 562 3136 inferri
579 3063 683 3162 signa
698 3069 737 3134 et
752 3061 1012 3134 universarum
1032 3061 1171 3136 cobor-

57 3181 156 3253 tium
184 3181 311 3280 inpetu
339 3184 485 3252 nostros
510 3177 690 3277 propelli3
717 3175 849 3250 deinde
866 3201 993 3250 rursus
1011 3197 1172 3253 conver-

59 3321 119 3370 sos
145 3297 298 3394 insequi.
349 3297 455 3369 Totis
480 3318 570 3366 vero
610 3295 741 3368 castris
767 3292 903 3368 milites
929 3293 1101 3370 circulari
1130 3305 1169 3371 et

60 3409 205 3495 dolere,
233 3411 378 3484 hostem
405 3433 451 3484 ex
476 3409 647 3483 manibus
673 3406 831 3499 dimitti,
852 3407 990 3482 bellum
1010 3435 1087 3484 non
1105 3434 1169 3484 ne·

60 3529 219 3603 cessario
244 3527 391 3628 longius
417 3525 522 3599 duci:
550 3527 794 3600 Centuriones
818 3525 1076 3626 Tribunosque
1093 3530 1168 3603 mi·-

92 3921 158 3974 psm
173 3905 281 3975 effectus.
300 3905 343 3958 Ab
360 3907 478 3958 Afranio.
496 3907 539 3960 M.
647 3905 778 3978 legebatur
797 3908 953 3960 conturbari.
975 3907 1015 3960 De
1037 3925 1100 3961 voce
1126 3929 1167 3962 rsa

102 3991 159 4022 ronr
170 4001 201 4010 —
213 3973 333 4034 habebut,
350 3975 460 4026 transire
472 3984 581 4044 pontem
648 3978 714 4026 riors
731 3991 755 4026 v.
773 3975 835 4028 sen.
854 3993 895 4045 cp.
913 3985 954 4040 4⁰·
972 3975 1015 4028 Cf.
1034 3975 1063 4026 Ρ.
1072 3975 1167 4028 Victo-

63 3993 130 4092 vslle
140 4039 289 4107 postulabat
300 4059 422 4110 magnum
433 4042 579 4094 circuitum.
648 4043 703 4094 rius
720 4041 753 4094 V.
772 4041 802 4092 1..
821 4044 857 4104 8,
879 4041 916 4094 13.

64 4107 107 4160 Cf.
124 4125 145 4158 c.
164 4107 201 4154 61.
220 4107 262 4158 M.
680 4126 732 4159 non
749 4113 891 4160 necessario
908 4110 976 4179 long.
993 4109 1056 4160 duri.
1080 4109 1166 4161 Parti-

97 4175 225 4226 stutirem.
244 4173 580 4240 1m0,mbsiseer·e.uredd.
648 4174 733 4228 culam
757 4177 903 4244 negativam
928 4193 943 4227 s
968 4175 1086 4228 Palatino
1108 4176 1166 4228 cod.

65 4250 132 4296 autc
150 4239 253 4292 babent.
272 4243 313 4294 M.
331 4250 364 4298 'ro'
381 4247 504 4294 sustinere
523 4263 581 4295 me·
647 4241 750 4296 addidit
770 4241 907 4296 Celtsrius.
930 4242 1037 4294 Habent
1061 4251 1088 4294 et
1110 4241 1165 4294 alii.

65 4304 115 4360 lius
134 4318 205 4378 puto.
224 4309 251 4357 V.
270 4307 305 4361 G.
323 4321 359 4376 4,
377 4309 417 4362 32.
436 4311 467 4362 C.
484 4309 521 4367 3,
538 4319 579 4378 94.
647 4308 742 4360 Probat
759 4309 828 4362 0ud.
846 4327 958 4381 sequor,
976 4309 1080 4379 recipio.
1109 4309 1165 4363 Ubi

98 4377 225 4426 circulari.
239 4377 361 4428 Restituit
377 4375 470 4454 Scalig.
491 4397 504 4428 e
523 4377 579 4430 rod.
646 4377 749 4444 orbatio
766 4375 858 4438 deest,
889 4384 914 4432 rt
930 4380 1073 4430 necessario
1090 4375 1164 4430 abla-

66 4437 165 4496 Ursini.
189 4443 335 4512 conquirant
358 4453 386 4493 ut
410 4443 464 4495 alin
495 4444 579 4512 Vulgo
647 4444 771 4496 tivocssu
789 4445 923 4515 accipitur.
