2986 5268
325 379 421 476 aba
692 411 748 472 m:
782 413 916 472 aucto
951 413 1072 476 ortu.

323 612 469 688 transiri
496 609 601 686 solet.
627 613 777 714 ltaque,
804 637 849 688 ne
867 613 904 688 id
922 611 1134 704 accideret,
1161 612 1318 688 silvestri
1346 611 1419 687 loeo

324 731 455 804 castris
472 729 624 829 positis,
647 755 666 804 e
683 733 833 832 regione
854 733 961 804 unius
980 753 1109 804 eorum
1131 733 1321 830 pontium,
1338 755 1421 828 qnos

321 846 607 945 Vercingetorix
645 847 907 920 rescindendos
941 855 1163 934 curaverat,
1205 855 1349 944 postero
1373 842 1421 917 die

321 985 408 1034 curn
437 962 580 1040 duabus
607 961 813 1062 legionibus
840 965 877 1035 in
904 961 1054 1036 ocrrtlto
1081 963 1246 1044 restitit;
1279 961 1422 1056 reliquas

321 1079 447 1177 copias
473 1103 562 1152 cum
582 1079 756 1152 omnibus
782 1077 1072 1176 inpedimentis,
1103 1085 1145 1152 ut
1172 1085 1424 1167 consueverat,

319 1195 447 1283 misit,
468 1195 587 1294 captis
621 1196 764 1290 quartis
800 1195 1008 1290 quibusque
1027 1193 1273 1280 cohortibus,
1300 1195 1350 1264 uti
1369 1215 1425 1263 nu-

319 1335 445 1384 merus
469 1309 660 1413 legionum
689 1319 860 1384 constare
877 1311 1078 1384 videretur.
1105 1311 1200 1398 His,
1226 1333 1345 1408 quam
1361 1308 1426 1382 lon·

317 1431 465 1527 gissime
492 1435 667 1526 possent,
694 1427 864 1526 progredi
892 1428 1021 1512 iussis,
1050 1451 1167 1525 quum
1193 1428 1272 1502 iarn
1299 1451 1343 1500 ex
1362 1425 1424 1500 diei

317 1549 486 1641 ternpore
513 1545 772 1617 coniecturam
790 1551 958 1641 caperet,
984 1543 1022 1616 in
1049 1551 1171 1616 castra
1199 1548 1425 1640 perventum,

316 1657 448 1748 iisdem
475 1656 646 1747 sublicis,
670 1682 830 1756 quarum
859 1684 943 1757 pars
970 1658 1123 1731 inferior
1147 1658 1296 1758 integre
1323 1681 1427 1730 rema-

316 1773 459 1862 nebat,
478 1779 630 1872 pontem
645 1773 796 1846 reficere
813 1777 951 1874 coepit.
977 1773 1157 1846 Celeriter
1176 1773 1313 1848 effecto
1331 1797 1427 1872 opere

317 1883 600 1988 legionibusque
624 1889 871 1978 transductis,
890 1895 928 1963 et
947 1887 1031 1961 loro
1046 1889 1176 1962 castris
1192 1887 1327 1960 idoneo
1346 1886 1427 1960 dele

318 2011 411 2094 cto,
436 2004 596 2102 reliquas
613 2007 738 2105 copias
764 2007 969 2080 revocavit.
1001 2006 1302 2104 Vercingetorix,
1320 2030 1357 2078 re
1372 2029 1428 2077 co·

316 2122 448 2220 gnita,
474 2147 520 2194 ne
547 2126 679 2196 contra
698 2142 803 2193 suam
831 2120 1067 2196 voluntatem
1092 2123 1270 2196 dimicare
1289 2145 1427 2223 cogere·

320 2243 411 2328 tur,
437 2239 580 2342 magnis
605 2238 800 2312 itineribus
827 2241 1037 2312 antecessit.

369 2357 431 2432 36.
458 2357 593 2431 Caesar
619 2380 665 2429 ex
692 2379 736 2426 eo
769 2353 853 2427 loco
879 2356 1019 2452 quintis
1047 2356 1178 2429 castris
1206 2357 1427 2460 Gergoviam

313 2473 513 2571 pervenit,
544 2472 780 2569 equestrique
820 2469 962 2568 proelio
1005 2495 1049 2542 eo
1089 2469 1146 2542 die
1189 2469 1265 2543 levi
1310 2471 1427 2557 facto,

312 2589 507 2684 perspecto
535 2585 636 2659 urbis
655 2587 750 2674 situ,
768 2609 888 2682 quae,
907 2585 1026 2684 posita
1040 2585 1077 2657 in
1093 2583 1275 2657 altissimo
1294 2588 1427 2670 monte,

316 2704 438 2776 omnis
463 2701 587 2776 aditus
614 2698 782 2776 difficiles
800 2701 991 2792 habebat,
1015 2699 1060 2773 de
1079 2703 1357 2801 expugnatione
1376 2699 1429 2772 de·

346 2905 633 2976 raptis-eohortidur.
668 2904 703 2956 Et
719 2903 782 2956 liaeo
799 2916 839 2956 est

312 2975 412 3028 incerta
422 2974 509 3027 lectio.
525 2973 575 3025 Pro
583 2976 664 3042 captis
675 2974 752 3042 penei
760 2969 838 3024 codd.

312 3051 429 3095 recentes
458 3040 558 3092 bahent
590 3042 698 3090 donatis:
727 3037 839 3090 verbum

311 3109 415 3162 numeri
435 3113 536 3178 quartis
558 3107 633 3160 abest
653 3129 667 3160 a
690 3107 836 3178 plerisque:

330 3178 449 3246 cibusque
466 3193 520 3228 non
537 3177 591 3228 nisi
608 3176 635 3226 in
655 3194 709 3226 uuo
726 3173 785 3226 cod.
803 3174 839 3226 vi·

311 3195 390 3296 detur
401 3251 515 3304 exstare,
530 3261 577 3312 pro
589 3260 643 3314 quo
655 3241 731 3294 codd.
746 3259 837 3294 omnes

311 3313 460 3392 quibusdam
477 3309 591 3390 hahent,
609 3319 712 3392 prpeter
736 3327 837 3374 uuum,

310 3379 678 3511 tvqrffiolpestmqliqqtqapztsc
690 3373 838 3514 dilabeblldnss

311 3511 465 3564 cohor-titus.
482 3511 541 3564 Etsi
552 3519 641 3564 ouum
655 3529 694 3564 res
705 3519 774 3564 certa
785 3518 838 3572 est,

311 3581 448 3634 (lassamur
460 3578 559 3631 efficere
570 3577 696 3640 voluisse,
707 3597 740 3630 ue
748 3576 837 3629 hostes

310 3649 459 3712 sentirent,
483 3645 546 3700 duas
571 3645 684 3714 legiones
710 3646 836 3698 restitisse

310 3715 337 3766 iu
357 3713 471 3779 occulto,
487 3714 533 3766 sed
550 3723 579 3764 ut
614 3723 731 3774 utarent,
745 3729 836 3765 omnes

246 3831 248 3838 .
309 3801 355 3834 sex
365 3781 479 3852 legiones
490 3781 553 3846 (vid.
562 3799 583 3832 c.
594 3731 637 3845 lt)
647 3797 702 3833 esse
712 3783 835 3849 integros

311 3858 400 3902 utnon
418 3849 505 3919 quaeri
525 3858 624 3917 potest,
638 3847 764 3919 quidhoc
781 3845 834 3898 sibi

310 3916 387 3978 velit,
399 3935 457 3967 eum
475 3914 525 3968 hoc
542 3915 715 3980 effecisseyoa
734 3921 767 3966 tis
780 3919 836 3983 qui-

308 3984 413 4036 busrlam
429 3981 581 4034 cohortibus.
611 3981 688 4034 lluud
724 3981 785 4034 uhie
802 4000 834 4032 ex

309 4049 351 4102 his
377 4049 522 4101 cohortibus
548 4051 696 4118 quibusdam
721 4049 836 4102 coniecit

308 4118 422 4186 aliquam
441 4115 557 4170 militurn
575 4135 696 4178 menurn,
710 4135 776 4187 quae
794 4117 834 4167 ri-

308 4184 411 4236 deretur
420 4203 475 4235 esse
487 4185 572 4236 instar
580 4183 692 4236 duarum
701 4182 834 4252 legionum

908 2914 952 2969 4ο,
969 2904 1011 2956 35.
1030 2905 1072 2956 Μ.
1090 2904 1216 2958 Cellerius
1255 2907 1335 2960 robet
1350 2906 1430 2959 lectio·

907 2991 968 3024 nem
979 2975 1070 3024 &nnis
1082 2979 1183 3042 quartis
1194 2925 1334 3055 quibusque
1345 2973 1429 3026 solior-

907 3041 971 3090 tr'dcs
994 3050 1021 3092 et
1043 3039 1162 3092 admittit
1184 3043 1378 3110 expositionem
1400 3040 1429 3090 D.

906 3105 1009 3160 Vossii:
1028 3107 1122 3160 Caesar
1140 3127 1184 3160 sex
1204 3107 1322 3173 legiones
1341 3111 1367 3160 in
1385 3109 1428 3159 Ar·

905 3191 998 3226 vernos
1023 3173 1100 3226 duxit
1117 3181 1189 3244 (etp.
1211 3173 1271 3240 34.)
1290 3173 1426 3229 secundnm

906 3241 1007 3294 llumeu
1024 3240 1117 3294 Elaver
1129 3243 1162 3296 nel
1174 3243 1346 3312 Gergoviam,
1358 3243 1428 3300 dein,

905 3327 965 3360 rum
985 3307 1012 3360 id
1036 3309 1132 3360 llumen
1159 3319 1214 3362 astu
1241 3311 1354 3362 transire
1380 3327 1426 3359 non

905 3385 1013 3446 posset,
1029 3394 1089 3429 etun
1104 3375 1207 3430 duabus
1225 3375 1374 3446 legionibus
1391 3395 1428 3427 re-

904 3444 988 3500 stitit,
1012 3461 1077 3512 quas
1099 3441 1190 3496 demta
1233 3463 1318 3514 uaque
1344 3451 1427 3514 quarte

903 3509 1011 3562 cohorte
1039 3511 1168 3578 confecit3
1198 3463 1312 3580 reiliques
1343 3512 1427 3579 copias

904 3577 986 3628 misit,
1004 3577 1046 3630 Sic
1064 3585 1091 3628 et
1107 3577 1156 3629 LX
1171 3577 1324 3634 cohortibus
1342 3587 1426 3647 captur

903 3643 952 3694 XV
975 3647 1090 3714 speciem
1111 3643 1223 3698 duarum
1244 3643 1384 3714 legionum
1404 3652 1426 3693 et

904 3709 976 3762 XLV
988 3711 1104 3782 reliquae
1115 3731 1159 3764 sex
1172 3712 1306 3781 legionum
1316 3713 1426 3784 speeiem

904 3777 1075 3848 praebebant.

937 3846 1102 3899 transductis.
1148 3845 1214 3900 Cod.
1236 3845 1338 3900 Carter.
1358 3857 1425 3896 wan-

902 3931 1008 3964 rmrsns.

936 3983 967 4031 de
980 3983 1349 4050 expugnatione-eonstiterit.
1367 3977 1424 4030 Sen-

902 4066 947 4100 sus
959 4057 1000 4100 est
1013 4051 1176 4120 perspicuus:
1190 4047 1271 4102 vidit,
1284 4065 1338 4097 nou
1354 4063 1423 4113 posse

902 4115 994 4167 urhern
1007 4118 1082 4183 capi,
1094 4117 1143 4166 etsi
1156 4113 1332 4178 ohsiclsretnr3
1346 4111 1422 4161 voluit

902 4191 990 4234 umen
1017 4201 1074 4233 earn
1101 4181 1239 4234 obsidione
1267 4179 1423 4249 aliquamdiu

307 4251 465 4304 relictarum.
519 4251 620 4303 Vitium
642 4262 682 4304 est
704 4253 732 4302 in
754 4250 833 4302 verbo

306 4323 394 4384 captis.
433 4317 558 4370 Ceterum
581 4338 654 4380 rent,
676 4318 725 4372 hoc
748 4319 832 4387 capite

306 4393 460 4445 narratam,
490 4387 598 4455 repetiit
628 4384 774 4454 l’olyncnus
805 4387 833 4436 iu

308 4453 417 4524 Strateg.
438 4453 465 4516 8,
484 4455 527 4512 23,
541 4471 563 4523 9·
580 4451 660 4506 Cous.
678 4453 739 4506 Diu.
759 4454 832 4507 Cass.

900 4269 1030 4320 premere,
1048 4249 1094 4302 sed
1110 4257 1256 4304 solamentu
1275 4256 1349 4300 autea
1369 4265 1421 4316 pro-

900 4319 964 4368 viso.
1008 4317 1043 4368 Et
1065 4317 1107 4370 hic
1129 4335 1221 4368 sensus
1243 4319 1271 4368 in
1293 4311 1418 4382 mrhqrhn

900 4384 992 4438 Graec·
1012 4404 1147 4454 expressus
1166 4394 1212 4434 cst.
1252 4383 1317 4434 Crun
1336 4395 1419 4430 ornent

898 4452 973 4506 codd.
995 4452 1096 4524 aliquot
1116 4469 1171 4504 non
1193 4449 1308 4504 babeant
1328 4446 1420 4502 rerba,
