3000 5268
333 365 413 436 nm.
449 369 487 424 v.
520 367 616 488 pur.
651 332 827 450 45⁴4&
1047 370 1135 467 ῐ79

31 567 296 672 protectionem
331 567 504 656 lecisset,
541 567 710 676 bostium
747 568 919 666 inpetum
955 568 1137 644 sustinere

31 707 101 756 non
126 687 278 780 posset,
301 687 521 780 praesertim
546 707 640 780 quos
665 683 807 758 recenti
833 683 991 758 victoria
1018 681 1138 757 efferri

30 799 162 888 sciret,
186 797 329 872 litteras
356 796 510 888 Caesari
540 799 721 888 remittit,
748 804 890 895 quanto
917 775 1006 872 culn
1039 802 1137 897 peri-

33 910 112 984 culo
137 911 323 1009 legionem
349 937 396 986 ex
420 913 584 994 hibernis
610 913 815 1008 educturus
842 920 959 988 esset:
979 938 1058 988 rem
1076 940 1138 1014 ge·

33 1036 123 1102 stam
149 1029 188 1114 in
213 1029 450 1111 Eburonibus
478 1030 694 1129 perscribit:
734 1029 872 1120 docet,
909 1055 1038 1118 ornnes
1077 1057 1138 1131 pe·

31 1145 167 1222 ditatus
193 1149 455 1245 equitatusque
494 1149 619 1246 copias
645 1147 889 1230 Trevirorum
929 1149 1003 1222 tria
1035 1148 1138 1238 milia

33 1287 203 1360 passu-um
229 1263 338 1366 longe
365 1265 411 1340 ab
438 1265 513 1338 suis
539 1264 669 1351 castris
695 1263 914 1338 consedisse.

79 1378 138 1464 48.
162 1378 325 1466 Caesar,
351 1377 606 1452 consiliosius
632 1380 816 1478 probato,
843 1378 935 1465 etsi,
965 1377 1137 1482 opinione

33 1494 143 1599 trium
171 1493 359 1594 legionum
391 1491 584 1585 deiectus,
611 1495 658 1568 ad
684 1494 777 1574 duas
803 1493 991 1582 redierat,
1011 1501 1138 1570 tannen

33 1627 142 1680 unum
170 1608 383 1682 communis
420 1607 549 1702 salutis
584 1609 766 1682 auxilium
793 1611 831 1682 in
857 1607 1046 1683 celeritate
1074 1633 1138 1708 po·

35 1720 148 1794 nebat.
178 1723 294 1808 llenit
326 1725 470 1822 magnis
495 1725 690 1804 itineribus
722 1727 760 1814 in
786 1723 1016 1800 Nerviorum
1035 1723 1137 1798 fines.

37 1837 84 1908 lbi
112 1861 157 1924 ex
199 1839 358 1936 captivis
385 1840 607 1939 cognoscit,
644 1865 739 1936 quus
783 1837 881 1937 npud
916 1839 1137 1914 Ciceronem
1254 1895 1260 1902 -

39 1963 224 2051 gerantur,
256 1963 472 2054 quantoque
501 1957 538 2030 in
564 1955 729 2053 periculo
755 1979 813 2028 res
842 1957 903 2027 sit.
930 1955 1029 2026 Tum
1059 1957 1138 2030 cui-

39 2069 114 2143 dam
139 2097 185 2151 ex
210 2069 399 2170 equitibus
427 2070 541 2162 Gallis
567 2073 712 2173 magnis
729 2075 902 2170 praemiis
918 2075 1138 2170 persuadet,
1237 2165 1240 2171 Ι

39 2185 86 2254 uti
115 2186 158 2258 ad
190 2187 412 2268 Ciceronem
444 2185 639 2286 epistolam
666 2185 821 2272 deferat.
849 2187 956 2260 Hanc
985 2188 1138 2265 Graecis

37 2303 278 2400 conscriptam
301 2301 436 2378 litteris
460 2304 601 2393 mittit,
628 2327 693 2400 ne,
723 2303 930 2400 intercepta
961 2304 1138 2402 epistola,
1192 2311 1194 2318 ’

40 2424 151 2491 nostra
177 2421 225 2494 ab
256 2420 426 2494 hostibus
453 2419 607 2492 consilia
632 2426 918 2518 cognosc-antur.
970 2423 1008 2494 Si
1035 2422 1137 2497 adire

39 2552 103 2600 non
128 2535 267 2630 possit,
292 2513 445 2618 monet,
474 2541 518 2606 ut
543 2533 730 2634 tragulam
757 2557 844 2607 cum
871 2535 1027 2640 epistola
1042 2587 1053 2624 ,
1070 2568 1071 2577 ¹
1088 2535 1137 2621 ad

42 2652 216 2719 amentum
245 2647 424 2748 deligata,
454 2650 548 2736 intra
570 2649 796 2722 munitiones
818 2655 1027 2734 castrorum
1047 2649 1138 2722 abii·

41 2755 116 2828 ciat.
164 2763 205 2854 ln
239 2760 374 2852 litteris
404 2764 558 2862 scribit,
588 2785 627 2836 se
662 2787 748 2854 cum
776 2761 982 2864 legionibus
1013 2764 1101 2860 prof
1120 2805 1136 2822 ·

41 2881 131 2952 ctum
155 2878 325 2954 celeriter
351 2879 502 2954 adfore:
530 2881 728 2970 hortatur,
755 2886 799 2953 ut
826 2881 1019 2978 pristinam
1056 2882 1137 2976 yir-

42 2989 145 3064 tutem
169 2994 343 3088 retineat.
397 2993 550 3084 Gallus,
576 2994 784 3092 periculum
811 2997 974 3083 veritus,
991 3001 1036 3067 nt
1055 3001 1136 3068 erat
1234 3055 1236 3060 .

40 3113 288 3204 praeceptum,
313 3107 499 3208 tragulam
526 3111 657 3182 mittit.
684 3111 786 3190 Haec
814 3135 904 3184 casu
930 3107 977 3184 ad
996 3108 1133 3194 turrim

41 3212 211 3310 adhaesit,
233 3247 352 3320 neque
370 3225 418 3298 ab
437 3225 572 3312 nostris
591 3223 704 3294 biduo
723 3223 1001 3324 animadversa,
1019 3221 1133 3310 tertio

40 3328 88 3404 die
112 3359 132 3406 a
155 3339 320 3436 quodam
345 3339 462 3434 milite
489 3341 745 3438 conspicitur,
785 3341 911 3426 demta
944 3338 991 3411 ad
1025 3338 1134 3430 Cice-

39 3464 152 3526 ronem
177 3451 356 3548 defertur.
390 3454 454 3528 llle
482 3455 684 3554 perlectam
702 3459 738 3528 in
759 3461 949 3542 conventu
968 3453 1132 3543 militum

40 3563 178 3656 recitat,
195 3573 436 3668 maximaque
455 3595 583 3662 omnes
600 3571 743 3667 laetitia
759 3571 900 3668 adlicit.
919 3573 1018 3645 Tum
1037 3568 1132 3658 fumi

66 3852 168 3922 remittit.
200 3853 243 3908 Sic
261 3837 326 3908 berlo
344 3854 434 3908 Rosius
450 3855 542 3946 Anlff·
644 3845 824 3924 suevum
835 3856 871 3908 lli
884 3857 955 3922 cuim
967 3855 1131 3926 concitarant

41 3909 67 3961 δᾶ
81 3913 146 3996 Caesz
163 3938 189 3991 p.
208 3939 249 3974 ao.
267 3941 299 3974 sn
317 3921 417 3984 Graeco
449 3925 543 3979 ἄντειί·
609 3921 752 3976 Eburones.
770 3924 812 3975 Cl.
830 3943 853 3976 c.
873 3927 912 3974 26.
929 3921 972 3974 M.
1006 3931 1010 3939 “

42 3983 245 4068 crucificuntur
256 3989 331 4042 codd.
340 3989 374 4042 ab
384 3990 543 4060 Ouqulgo
644 3991 748 4071 Graecis
765 3992 865 4042 litteris.
876 3991 907 4042 V.
921 3989 955 4042 ad
971 4007 997 4052 ι,
1010 4005 1050 4056 ²9·
1067 3989 1131 4042 Nar·

43 4051 229 4194 erartmpgggum
246 4123 361 4174 Eburno.
391 4057 439 4177 Edt
455 4123 541 4179 clndcs
609 4069 677 4186 lddlt
691 4057 937 4186 dllbtdddudldffnm
954 4056 987 4120 dv
1004 4065 1130 4146 “muger

43 4174 118 4252 Sabun
129 4189 319 4260 etCnttae,qui
331 4193 359 4243 in
372 4191 541 4254 Eburonibus
640 4194 749 4244 adiiciat.
767 4191 861 4245 Clarlre
878 4194 991 4244 adiiciat.

44 4237 227 4336 bumannum
241 4275 298 4336 cap.
312 4270 350 4324 24.
369 4259 411 4310 Μ.
430 4268 522 4332 etseq.
639 4261 715 4339 llaec
731 4277 789 4312 nasu
807 4261 842 4310 ad
858 4273 877 4310 r.
894 4261 957 4311 adh.
975 4259 1027 4310 Dio
1045 4266 1093 4326 40,
1105 4277 1130 4326 9.

67 4318 133 4378 pals.
144 4337 224 4402 span.
240 4343 333 4405 coprus.
351 4331 395 4382 bic
406 4325 482 4396 plene
497 4345 541 4378 uo·
602 4326 640 4388 ,de
654 4329 786 4405 'industria
804 4329 832 4406 {d
849 4329 946 4380 factum
965 4337 1066 4386 narrat,
1084 4326 1130 4402 sed

45 4384 85 4430 thr
99 4394 123 4436 st
137 4397 168 4450 t,
184 4405 206 4454 7.
225 4397 265 4458 75.
285 4401 322 4460 ys.
608 4413 689 4448 maror
709 4397 814 4451 Caesari
831 4394 894 4448 lidus
911 4394 1030 4473 debetur.
