2986 5268
381 428 461 490 rm.
495 427 567 490 vn.
601 429 693 496 cae.
732 390 907 490 53-55.
1082 427 1176 524 277·

59 627 191 706 ridibus
216 657 358 706 summa
389 661 474 707 cum
499 635 710 714 mammem
743 636 917 718 extortr‘53
942 645 977 706 et
1002 661 1110 732 quom
1139 638 1179 707 in

45 745 264 841 sormmm,
290 773 467 848 quartoque
499 755 538 821 in
570 749 841 838 amplitudinem
879 748 1116 838 deduxisset,
1143 741 1187 822 ud

57 887 124 932 non
152 863 269 938 solum
294 866 333 934 in
355 869 703 972 pristinum-statum
722 863 916 952 redissent,
940 863 1005 937 sed
1020 869 1182 938 omnium

58 987 255 1071 temporum
280 976 493 1074 dignitatem
519 994 553 1053 et
574 985 738 1080 gratiam
762 983 997 1062 onttoessissa
1022 978 1183 1054 rideren-

56 1101 125 1158 tur.
152 1087 219 1163 His
247 1089 341 1170 datis
369 1092 579 1185 mandatis,
606 1119 668 1168 eos
696 1094 742 1170 ab
769 1119 807 1166 se
829 1093 987 1164 dimisit.

103 1203 167 1279 55.
191 1208 458 1296 Noviodunum
486 1216 566 1284 erat
593 1211 777 1310 oppidum·
805 1211 1041 1298 Aeduorum,
1068 1207 1115 1280 ad
1136 1207 1185 1282 ri-

56 1343 120 1415 pas
147 1321 287 1422 Ligeris
312 1325 526 1423 obportuno
564 1325 649 1398 loco
693 1328 869 1425 positum.
913 1325 997 1398 Huc
1039 1323 1180 1396 Caesar

58 1459 186 1512 omnes
213 1439 357 1515 obsides
377 1441 544 1528 Galliae,
565 1443 824 1530 frumentum,
842 1445 1036 1539 pecuniam
1059 1439 1182 1539 publi·

58 1575 169 1642 cam,
195 1577 350 1642 suorum
377 1563 490 1655 atque
518 1560 702 1635 exercitus
728 1556 1068 1656 inpedimentorum
1096 1577 1175 1634 ma·

58 1689 171 1766 gnam
197 1676 344 1768 partem
370 1672 609 1756 contulerat:
651 1673 724 1746 huo
771 1695 949 1772 magnum
977 1690 1178 1753 numerum

58 1809 242 1881 equorum
261 1843 272 1877 ,
292 1787 408 1862 huius
434 1788 518 1862 belli
538 1813 669 1864 caussa
686 1792 723 1862 in
742 1790 850 1863 ltalia
869 1797 982 1890 atque
995 1787 1176 1888 Hispania

58 1905 273 1992 co'e‘mtum,
306 1905 470 1978 miserat.
497 1905 555 1980 Eo
580 1929 696 2004 quum
724 1893 945 2004 Eporedirik
971 1903 1179 1976 Virdoma-

59 2037 198 2112 rusque
225 2019 413 2110 venissent
441 2019 551 2096 etde
579 2027 684 2102 statu
709 2019 874 2092 civitatis
902 2019 1185 2116 cognovissent,

58 2130 274 2208 Litavioum
301 2135 475 2214 Bibracte
515 2135 562 2208 ab
586 2135 724 2210 Aeduis
759 2139 955 2232 receptum
1000 2132 1101 2230 quod
1128 2139 1186 2205 est

60 2249 242 2348 oppidum
260 2251 370 2352 ‚apud
406 2275 469 2324 eos
497 2253 657 2334 maxime
689 2251 952 2340 auctoritatis,
984 2250 1187 2326 Convicto-

61 2361 219 2438 litanem
264 2368 530 2467 magistratum
572 2389 823 2466 magnamque
861 2370 1009 2464 partem
1035 2370 1185 2436 senatus

63 2478 111 2550 ad
154 2503 241 2570 eum
286 2484 528 2572 convenisse,
572 2481 715 2582 legatos
758 2481 806 2563 ad
839 2479 1187 2577 Vercingetorigem

64 2597 109 2676 de
155 2622 248 2696 pace
288 2605 327 2672 et
371 2600 537 2673 amicitia
564 2597 797 2672 concilianda
839 2595 987 2697 publice
1026 2595 1183 2668 missos:

64 2741 141 2788 non
185 2716 559 2816 praetermittendum
588 2721 737 2800 tantum
773 2711 1016 2786 commodum
1059 2713 1188 2786 existi-

65 2839 279 2920 maverunt.
350 2834 508 2930 Itaque,
535 2830 740 2907 interfectis
765 2827 980 2911 Novioduni
1022 2827 1189 2910 custodi·

65 2943 175 3034 bus,
220 2948 358 3042 quique
399 2971 444 3018 eo
486 2943 698 3045 negotiandi
751 2950 818 3016 aut
857 2943 999 3020 itineris
1056 2967 1188 3020 caussa

65 3066 346 3149 convenerant,
373 3062 569 3158 pecuniam
588 3067 701 3157 atque
727 3081 845 3156 equos
869 3057 966 3131 inter
992 3082 1030 3129 se
1058 3057 1189 3154 partiti

65 3178 176 3257 sunt;
211 3173 356 3246 obsides
391 3175 593 3268 civitatum
624 3176 799 3271 Bibracte
835 3171 881 3246 ad
922 3171 1189 3270 magistratum

67 3284 303 3376 deducendos
329 3296 580 3378 curaverunt3
600 3289 802 3396 oppid-nm„
817 3284 918 3384 quod
940 3283 986 3356 ab
1006 3308 1043 3356 se
1064 3283 1185 3356 teneri

67 3426 142 3472 non
171 3427 275 3500 posse
301 3403 533 3500 iudicabant,
560 3431 604 3479 ne
624 3407 683 3478 cui
702 3409 797 3498 esset
817 3393 897 3476 usui
918 3401 1116 3496 Romanis,
1135 3399 1191 3470 in-

67 3517 300 3614 cenderuot3
328 3521 506 3595 frumenti
534 3521 633 3618 qood
661 3522 788 3595 subito
808 3525 1013 3622 potuerunt
1032 3519 1192 3612 navibus¹

67 3642 303 3740 avexerunt,
330 3637 516 3735 reliquum
543 3637 693 3710 flumine
719 3635 834 3734 atque
860 3635 1031 3728 incendio
1052 3659 1193 3712 conrue.

66 3756 225 3844 perrmt3
254 3751 321 3850 ipsi
350 3777 397 3838 ex
427 3752 606 3848 finitumis
628 3753 841 3850 regionibus
870 3752 996 3849 copias
1031 3773 1213 3846 cogeres

67 3861 250 3958 praesidia
269 3864 534 3974 custodiasque
554 3867 602 3956 ad
618 3869 716 3964 ripas
734 3863 1076 3966 Ligerisdisponere
1096 3862 1199 3958 equit

66 3983 268 4076 intumque
294 3983 470 4068 omnibus
497 3982 605 4072 iocis,
630 3981 816 4075 iniiciendi
852 3981 997 4054 timoris
1031 4001 1162 4052 caussa
1177 4034 1196 4082 ,Α

69 4103 260 4178 ostentare
288 4107 514 4198 coeperunt,
541 4101 568 4174 si
598 4100 644 4183 ab
672 4125 711 4174 re
731 4099 975 4193 frumentaria
1001 4101 1197 4184 Romanos,

102 4314 126 4352 er
143 4284 223 4372 quam
238 4307 266 4354 in
289 4303 356 4375 fian.
375 4303 601 4356 coniunctionem
701 4315 746 4355 aut
763 4305 872 4354 ternaria
889 4303 959 4354 Haeo
972 4301 1050 4356 verita
1068 4321 1083 4352 a
1100 4303 1193 4356 multis

71 4371 208 4437 praemisit
225 4369 295 4421 Ond.
308 4391 322 4424 a
336 4371 412 4424 codd.
425 4381 452 4422 et
465 4371 525 4423 edd.
536 4379 600 4422 vett.
666 4369 743 4422 codd.
761 4379 788 4423 et
804 4369 863 4422 cdd.
882 4369 996 4432 absunt,
1014 4387 1061 4422 noc
1079 4369 1194 4426 Graecus

14 4449 16 4454 '
105 4437 219 4486 Bibrociss
237 4439 268 4486 ab
286 4439 394 4489 Aodur'r.
413 4437 469 4491 Atii
487 4439 601 4504 Bibracti
668 4435 755 4490 habet.
955 4441 958 4448 ’

70 4501 113 4554 rel
128 4524 145 4554 ιι
161 4505 287 4558 Bibracte.
433 4507 438 4518 '
467 4507 469 4512 ⁴
596 4505 598 4510 ’
701 4507 772 4566 siud
787 4523 816 4564 rs
827 4503 1192 4578 Jr·.-Prn1.eact.posam.

1276 1301 1293 1345 l
1321 1356 1330 1366 .

1392 3425 1453 3639 ss
