3060 5276
416 319 495 382 un.
521 322 564 382 11.
600 321 693 382 car.
731 287 907 406 34-36.

1119 288 1213 418 467

77 519 236 596 milites
252 521 297 596 iis
316 522 425 596 rebus
443 523 684 624 indigebant,
710 549 804 623 quae
824 525 871 598 ad
889 527 1210 628 obpugnationem

80 648 309 714 castrorum
336 649 444 714 erant
470 643 564 714 usui.
616 645 747 740 ltaque
782 641 897 714 Curio
932 647 1141 718 exercitum
1173 649 1214 719 in

80 765 222 832 castra
250 756 421 848 reducit,
453 758 529 830 suis
554 759 727 832 omnibus
753 766 902 859 praeter
927 762 1086 836 Fabium
1112 765 1218 836 inco·

76 868 279 961 lumibus,
297 896 345 946 ex
363 897 520 947 numero
538 873 840 948 adversariorum
857 875 1008 948 circiter
1024 879 1211 952 sexcentis

75 989 303 1064 interfectis
331 1014 375 1064 ac
404 989 490 1062 mile
518 989 745 1063 vulneratis:
774 993 837 1090 qui
865 1016 1020 1082 omnes,
1045 993 1209 1068 discessu

80 1102 290 1192 Curionis,
334 1103 518 1202 multique
560 1111 782 1203 praeterea,
827 1129 894 1204 per
933 1103 1214 1180 simulationem

83 1215 321 1306 vulnerum,
353 1241 399 1292 ex
426 1221 557 1292 castris
583 1220 622 1292 in
650 1220 827 1318 oppidum
856 1224 1008 1318 propter
1036 1221 1211 1294 timorem

83 1353 173 1402 sese
199 1333 399 1429 recipiunt.
451 1337 535 1425 Qua
566 1360 606 1407 re
640 1338 808 1408 animum
845 1335 1031 1424 adversa,
1065 1335 1204 1424 Varus,

83 1452 132 1520 ct
158 1453 301 1520 terrore
327 1451 515 1524 exercitus
542 1452 721 1552 cognito,
746 1451 990 1524 buccinatore
1018 1452 1205 1524 incastris

85 1571 131 1636 et
158 1566 287 1663 paucis
306 1565 353 1638 ad
372 1567 534 1665 speciem
559 1567 811 1642 tabernaculis
837 1568 1001 1657 relictis,
1029 1568 1073 1640 de
1099 1571 1212 1646 tertia

85 1682 218 1781 vigilia
243 1683 390 1756 silentio
417 1685 626 1756 exercitum
652 1687 691 1758 in
717 1685 894 1784 oppidum
922 1683 1082 1757 reducit.

144 1796 206 1872 36.
238 1803 394 1874 Postero
430 1799 489 1872 die
516 1789 630 1874 Gurio
657 1802 809 1872 Uticam
844 1801 1011 1873 obsidere
1046 1805 1086 1873 et
1112 1799 1211 1874 vallo

86 1914 386 1988 circummunire
412 1913 588 1988 instituit.
638 1915 732 1986 Erat
761 1917 799 1986 in
835 1914 970 2012 oppido
1003 1899 1207 1987 multitudo

84 2028 253 2104 insolens
279 2029 363 2104 belli
391 2029 636 2103 diuturnitate
663 2030 759 2101 otii:
799 2030 992 2102 Uticenses
1029 2053 1096 2128 pro
1124 2032 1209 2126 qui-

86 2141 252 2218 busdarn
287 2145 454 2218 Caesaris
493 2145 531 2216 in
570 2168 607 2216 se
648 2143 835 2215 beneficiis
873 2141 925 2214 illi
969 2145 1207 2214 amicissimi:

86 2264 301 2332 conventus
333 2257 394 2347 is,
435 2261 497 2355 qui
532 2281 578 2330 ex
606 2260 717 2330 variis
751 2256 950 2356 generibus
991 2261 1204 2328 constaret:
1297 2284 1300 2292 ·

83 2377 214 2444 terror
248 2395 295 2446 ex
329 2373 580 2470 superioribus
606 2371 752 2472 proeliis
779 2395 947 2471 magnus.
1001 2373 1132 2472 ltaque
1160 2369 1205 2442 de

86 2486 279 2560 deditione
306 2511 435 2562 orrares
459 2488 582 2588 palam
602 2487 853 2586 loquebantur
871 2494 1016 2562 etcum
1034 2489 1075 2560 P.
1094 2489 1203 2562 Attio

85 2605 284 2704 agebant,
320 2629 365 2678 nc
399 2631 467 2680 sua
493 2606 698 2704 pertinacia
724 2605 895 2680 omnium
920 2603 1089 2678 fortunas
1123 2627 1207 2702 per·

84 2723 234 2794 turbari
261 2719 384 2794 vellet.
411 2723 515 2794 llaec
542 2745 658 2818 quum
685 2727 915 2821 agerentur,
941 2721 1067 2798 nuncii
1098 2743 1203 2820 prae·

82 2835 191 2908 missi
208 2834 254 2906 ab
272 2835 373 2934 Rege
400 2836 492 2908 luba
511 2841 718 2926 venerunt,
742 2838 805 2932 qui
825 2835 930 2908 illum
949 2860 1036 2910 cum
1055 2835 1201 2936 magnis

82 2954 205 3053 copiis
231 2951 356 3052 adesse
383 2951 550 3025 dicerent
583 2959 622 3025 et
649 2952 694 3025 dc
722 2953 892 3026 custodia
919 2977 962 3026 ac
990 2951 1204 3025 defensione

82 3071 193 3143 urbis
218 3069 485 3142 hortarentur:
513 3093 608 3167 quae
635 3094 693 3142 res
718 3093 848 3146 eorum
875 3069 1092 3169 perterritos
1127 3069 1205 3140 ani·

80 3213 170 3262 mos
197 3186 447 3262 confirmavit.

117 3511 187 3563 quac
210 3493 246 3544 ad
269 3491 327 3562 obp.
371 3489 494 3543 Clarkius
516 3508 530 3541 a
551 3488 610 3544 cod.
710 3493 907 3541 cummanire.
944 3487 1000 3540 Alii
1016 3491 1202 3540 ceraemoniis.

79 3562 167 3629 Rag‘n'o
179 3559 255 3612 addit
266 3565 321 3619 ries,
333 3568 362 3610 ut
373 3558 440 3611 solet
451 3566 548 3612 noster.
567 3557 611 3610 Sic

80 3629 212 3700 repetitur
227 3625 291 3680 locis
307 3645 364 3696 cap.
384 3637 424 3691 4¹·

117 3845 149 3877 ac
164 3827 224 3877 mile
240 3823 389 3876 vulneratis.
416 3821 534 3875 Verbum
549 3823 609 3875 mila

81 3891 202 3948 Ursinus
219 3915 232 3944 c
250 3892 337 3946 codice
355 3891 485 3944 restituit:
503 3893 532 3944 in
549 3890 608 3944 aliis

111 4010 116 4019 ,
137 3959 164 4011 d.
182 3959 224 4012 vel
240 3957 328 4021 deest,
346 3958 385 4010 vel
404 3957 431 4010 in
449 3976 501 4010 uno
526 3977 556 4008 ac
578 3975 608 4008 co

165 4025 269 4104 legitur,
283 4036 313 4080 ut
324 4029 352 4078 in
364 4026 422 4078 aliis
434 4043 521 4077 rursus
532 4037 569 4075 ιιι(
578 4043 609 4076 uc

171 4095 338 4155 Cresconius,
350 4103 376 4146 et
412 4101 453 4146 ost
469 4091 538 4144 bunc
556 4045 609 4144 [la-

205 4180 242 4212 am
256 4162 370 4222 monuit,
410 4162 537 4230 ppianum
549 4159 606 4212 Cir.

213 4266 219 4278 .
238 4234 295 4291 455.
313 4227 424 4288 tradere,
441 4235 577 4280 sexcentos
593 4245 608 4280 s

213 4297 293 4348 crcitu
322 4296 450 4366 periisse,
479 4294 608 4364 multoque

213 4361 337 4417 ilderatm
355 4381 417 4416 assa.
435 4361 475 4412 Μ.

677 3562 707 3608 ut
731 3573 753 3622 r,
774 3559 812 3608 18.

710 3681 863 3731 arniclsrimi.
882 3677 964 3730 Codd.
983 3678 1130 3748 quidamst
1142 3645 1210 3732 edd}

677 3756 741 3801 vett.
761 3745 863 3832 addunt
879 3759 963 3796 erant.

709 3859 851 3902 conventus.
869 3827 911 3899 Cf.
929 3845 987 3897 lud.
1005 3845 1049 3900 M.
1089 3848 1091 3866 ¹

676 3955 826 4077 nte
845 3951 1201 4099 ,tannacum

676 4089 749 4161 quod
766 4088 888 4139 Davisius
915 4087 1057 4156 exemplis,
1075 4086 1120 4138 sed
1138 4086 1203 4136 ulti-

676 4177 732 4210 mac
758 4155 912 4213 latinitatis,
936 4163 963 4205 at
988 4152 1105 4222 analogia
1128 4151 1201 4204 vcrbi

675 4231 779 4290 insuper
797 4221 929 4280 defendit,
943 4221 983 4274 cui
998 4218 1202 4298 Ourlcndorpius

676 4293 764 4356 infla,
792 4293 925 4354 incorum,
954 4285 1058 4338 insimul
1088 4287 1200 4338 atlelrdil.

676 4359 784 4412 Vossius
798 4355 872 4407 aratri
883 4356 1033 4426 interpolans
1044 4353 1146 4407 maluit.
1158 4355 1201 4408 M.
