<?xml version="1.0" encoding="UTF-8"?>
<!DOCTYPE html PUBLIC "-//W3C//DTD XHTML 1.0 Transitional//EN"
    "http://www.w3.org/TR/xhtml1/DTD/xhtml1-transitional.dtd">
<html xmlns="http://www.w3.org/1999/xhtml" xml:lang="en" lang="en">
 <head>
  <title>
</title>
<meta http-equiv="Content-Type" content="text/html;charset=utf-8" />
  <meta name='ocr-system' content='tesseract 3.04.00' />
  <meta name='ocr-capabilities' content='ocr_page ocr_carea ocr_par ocr_line ocrx_word'/>
</head>
<body>
  <div class='ocr_page' id='page_1' title='image "./ciuliicaesarisc00cellgoog_0525.png"; bbox 0 0 3060 5276; ppageno 0'>
   <div class='ocr_carea' id='block_1_1' title="bbox 390 353 1186 484">
    <p class='ocr_par' dir='ltr' id='par_1_1' title="bbox 390 353 1186 484">
     <span class='ocr_line' id='line_1_1' title="bbox 390 353 1186 484; baseline 0.005 -38"><span class='ocrx_word' id='word_1_1' title='bbox 390 386 538 448; x_wconf 54' lang='lat' dir='ltr'>usar.</span> <span class='ocrx_word' id='word_1_2' title='bbox 574 388 667 449; x_wconf 75' lang='lat' dir='ltr'>cnr.</span> <span class='ocrx_word' id='word_1_3' title='bbox 704 353 880 473; x_wconf 77' lang='lat'>34-36.</span> <span class='ocrx_word' id='word_1_4' title='bbox 1093 355 1186 484; x_wconf 77' lang='lat'>467</span> 
     </span>
    </p>
   </div>
   <div class='ocr_carea' id='block_1_2' title="bbox 50 586 1273 3330">
    <p class='ocr_par' dir='ltr' id='par_1_2' title="bbox 50 586 1192 1851">
     <span class='ocr_line' id='line_1_2' title="bbox 50 586 1184 694; baseline 0.006 -33"><span class='ocrx_word' id='word_1_5' title='bbox 50 586 209 662; x_wconf 76' lang='lat' dir='ltr'><strong>milites</strong></span> <span class='ocrx_word' id='word_1_6' title='bbox 226 589 270 662; x_wconf 90' lang='lat' dir='ltr'>iis</span> <span class='ocrx_word' id='word_1_7' title='bbox 290 589 399 662; x_wconf 91' lang='lat' dir='ltr'>rebus</span> <span class='ocrx_word' id='word_1_8' title='bbox 416 591 658 691; x_wconf 83' lang='lat' dir='ltr'>indigebant,</span> <span class='ocrx_word' id='word_1_9' title='bbox 684 617 779 690; x_wconf 86' lang='lat' dir='ltr'>quae</span> <span class='ocrx_word' id='word_1_10' title='bbox 798 591 844 666; x_wconf 90' lang='lat' dir='ltr'>ad</span> <span class='ocrx_word' id='word_1_11' title='bbox 863 593 1184 694; x_wconf 75' lang='lat' dir='ltr'><strong>obpugnationem</strong></span> 
     </span>
     <span class='ocr_line' id='line_1_3' title="bbox 51 708 1187 807; baseline 0.004 -27"><span class='ocrx_word' id='word_1_12' title='bbox 51 715 283 782; x_wconf 86' lang='lat' dir='ltr'>castrorum</span> <span class='ocrx_word' id='word_1_13' title='bbox 310 715 417 782; x_wconf 87' lang='lat' dir='ltr'>erant</span> <span class='ocrx_word' id='word_1_14' title='bbox 444 710 537 782; x_wconf 89' lang='lat' dir='ltr'>usui.</span> <span class='ocrx_word' id='word_1_15' title='bbox 590 712 721 807; x_wconf 87' lang='lat' dir='ltr'>ltaque</span> <span class='ocrx_word' id='word_1_16' title='bbox 756 708 870 782; x_wconf 84' lang='lat' dir='ltr'>Curio</span> <span class='ocrx_word' id='word_1_17' title='bbox 906 713 1114 785; x_wconf 86' lang='lat' dir='ltr'>exercitum</span> <span class='ocrx_word' id='word_1_18' title='bbox 1147 717 1187 786; x_wconf 95' lang='lat' dir='ltr'>in</span> 
     </span>
     <span class='ocr_line' id='line_1_4' title="bbox 52 823 1192 925; baseline 0.004 -27"><span class='ocrx_word' id='word_1_19' title='bbox 52 831 196 898; x_wconf 87' lang='lat' dir='ltr'>castra</span> <span class='ocrx_word' id='word_1_20' title='bbox 223 823 395 916; x_wconf 83' lang='lat' dir='ltr'>reducit,</span> <span class='ocrx_word' id='word_1_21' title='bbox 427 826 502 898; x_wconf 91' lang='lat' dir='ltr'>suis</span> <span class='ocrx_word' id='word_1_22' title='bbox 528 826 701 898; x_wconf 89' lang='lat' dir='ltr'>omnibus</span> <span class='ocrx_word' id='word_1_23' title='bbox 728 833 876 925; x_wconf 88' lang='lat' dir='ltr'>praeter</span> <span class='ocrx_word' id='word_1_24' title='bbox 901 829 1060 901; x_wconf 86' lang='lat' dir='ltr'>Fabium</span> <span class='ocrx_word' id='word_1_25' title='bbox 1086 832 1192 904; x_wconf 88' lang='lat' dir='ltr'>inco·</span> 
     </span>
     <span class='ocr_line' id='line_1_5' title="bbox 50 935 1185 1028; baseline 0.008 -19"><span class='ocrx_word' id='word_1_26' title='bbox 50 935 253 1028; x_wconf 90' lang='lat' dir='ltr'>lumibus,</span> <span class='ocrx_word' id='word_1_27' title='bbox 271 963 318 1012; x_wconf 85' lang='lat' dir='ltr'>ex</span> <span class='ocrx_word' id='word_1_28' title='bbox 337 963 493 1015; x_wconf 91' lang='lat' dir='ltr'>numero</span> <span class='ocrx_word' id='word_1_29' title='bbox 512 939 814 1015; x_wconf 87' lang='lat' dir='ltr'>adversariorum</span> <span class='ocrx_word' id='word_1_30' title='bbox 831 943 982 1016; x_wconf 84' lang='lat' dir='ltr'><strong>circiter</strong></span> <span class='ocrx_word' id='word_1_31' title='bbox 998 947 1185 1018; x_wconf 77' lang='lat' dir='ltr'>sexcentis</span> 
     </span>
     <span class='ocr_line' id='line_1_6' title="bbox 51 1055 1183 1156; baseline 0.007 -30"><span class='ocrx_word' id='word_1_32' title='bbox 51 1055 277 1130; x_wconf 86' lang='lat' dir='ltr'>interfectis</span> <span class='ocrx_word' id='word_1_33' title='bbox 305 1081 349 1130; x_wconf 89' lang='lat' dir='ltr'>ac</span> <span class='ocrx_word' id='word_1_34' title='bbox 377 1055 464 1130; x_wconf 91' lang='lat' dir='ltr'>mile</span> <span class='ocrx_word' id='word_1_35' title='bbox 492 1057 719 1130; x_wconf 86' lang='lat' dir='ltr'>vulneratis:</span> <span class='ocrx_word' id='word_1_36' title='bbox 747 1059 811 1156; x_wconf 87' lang='lat' dir='ltr'>qui</span> <span class='ocrx_word' id='word_1_37' title='bbox 839 1083 994 1150; x_wconf 88' lang='lat' dir='ltr'>omnes,</span> <span class='ocrx_word' id='word_1_38' title='bbox 1019 1060 1183 1135; x_wconf 83' lang='lat' dir='ltr'>discessu</span> 
     </span>
     <span class='ocr_line' id='line_1_7' title="bbox 53 1169 1188 1271; baseline 0.004 -29"><span class='ocrx_word' id='word_1_39' title='bbox 53 1169 263 1258; x_wconf 89' lang='lat' dir='ltr'>Curionis,</span> <span class='ocrx_word' id='word_1_40' title='bbox 307 1171 491 1269; x_wconf 90' lang='lat' dir='ltr'>multique</span> <span class='ocrx_word' id='word_1_41' title='bbox 534 1179 755 1270; x_wconf 89' lang='lat' dir='ltr'>praeterea,</span> <span class='ocrx_word' id='word_1_42' title='bbox 801 1197 868 1271; x_wconf 90' lang='lat' dir='ltr'>per</span> <span class='ocrx_word' id='word_1_43' title='bbox 907 1171 1188 1247; x_wconf 82' lang='lat' dir='ltr'>simulationem</span> 
     </span>
     <span class='ocr_line' id='line_1_8' title="bbox 55 1282 1185 1386; baseline 0.006 -33"><span class='ocrx_word' id='word_1_44' title='bbox 55 1282 295 1373; x_wconf 85' lang='lat' dir='ltr'>vulnerum,</span> <span class='ocrx_word' id='word_1_45' title='bbox 326 1309 373 1358; x_wconf 84' lang='lat' dir='ltr'>ex</span> <span class='ocrx_word' id='word_1_46' title='bbox 400 1288 531 1358; x_wconf 89' lang='lat' dir='ltr'>castris</span> <span class='ocrx_word' id='word_1_47' title='bbox 557 1287 595 1358; x_wconf 94' lang='lat' dir='ltr'>in</span> <span class='ocrx_word' id='word_1_48' title='bbox 624 1287 801 1386; x_wconf 88' lang='lat' dir='ltr'>oppidum</span> <span class='ocrx_word' id='word_1_49' title='bbox 828 1291 981 1385; x_wconf 88' lang='lat' dir='ltr'>propter</span> <span class='ocrx_word' id='word_1_50' title='bbox 1009 1288 1185 1360; x_wconf 90' lang='lat' dir='ltr'>timorem</span> 
     </span>
     <span class='ocr_line' id='line_1_9' title="bbox 55 1400 1178 1496; baseline 0.007 -29"><span class='ocrx_word' id='word_1_51' title='bbox 55 1421 146 1469; x_wconf 90' lang='lat' dir='ltr'>sese</span> <span class='ocrx_word' id='word_1_52' title='bbox 172 1400 372 1496; x_wconf 87' lang='lat' dir='ltr'>recipiunt.</span> <span class='ocrx_word' id='word_1_53' title='bbox 425 1405 508 1492; x_wconf 86' lang='lat' dir='ltr'>Qua</span> <span class='ocrx_word' id='word_1_54' title='bbox 539 1427 579 1474; x_wconf 88' lang='lat' dir='ltr'>re</span> <span class='ocrx_word' id='word_1_55' title='bbox 614 1405 782 1476; x_wconf 88' lang='lat' dir='ltr'>animum</span> <span class='ocrx_word' id='word_1_56' title='bbox 819 1402 1004 1491; x_wconf 85' lang='lat' dir='ltr'>adversa,</span> <span class='ocrx_word' id='word_1_57' title='bbox 1039 1403 1178 1490; x_wconf 82' lang='lat' dir='ltr'>Varus,</span> 
     </span>
     <span class='ocr_line' id='line_1_10' title="bbox 56 1517 1179 1618; baseline 0.006 -34"><span class='ocrx_word' id='word_1_58' title='bbox 56 1519 104 1586; x_wconf 87' lang='lat' dir='ltr'>et</span> <span class='ocrx_word' id='word_1_59' title='bbox 130 1519 274 1588; x_wconf 86' lang='lat' dir='ltr'>terrore</span> <span class='ocrx_word' id='word_1_60' title='bbox 301 1517 488 1591; x_wconf 87' lang='lat' dir='ltr'>exercitus</span> <span class='ocrx_word' id='word_1_61' title='bbox 515 1520 694 1618; x_wconf 85' lang='lat' dir='ltr'>cognito,</span> <span class='ocrx_word' id='word_1_62' title='bbox 720 1519 963 1592; x_wconf 89' lang='lat' dir='ltr'>buccinatore</span> <span class='ocrx_word' id='word_1_63' title='bbox 992 1519 1179 1592; x_wconf 87' lang='lat' dir='ltr'>incastris</span> 
     </span>
     <span class='ocr_line' id='line_1_11' title="bbox 57 1629 1185 1732; baseline 0.004 -28"><span class='ocrx_word' id='word_1_64' title='bbox 57 1637 103 1704; x_wconf 87' lang='lat' dir='ltr'>et</span> <span class='ocrx_word' id='word_1_65' title='bbox 131 1633 261 1730; x_wconf 89' lang='lat' dir='ltr'>paucis</span> <span class='ocrx_word' id='word_1_66' title='bbox 280 1629 327 1705; x_wconf 90' lang='lat' dir='ltr'>ad</span> <span class='ocrx_word' id='word_1_67' title='bbox 345 1635 507 1732; x_wconf 88' lang='lat' dir='ltr'>speciem</span> <span class='ocrx_word' id='word_1_68' title='bbox 533 1634 784 1708; x_wconf 88' lang='lat' dir='ltr'>tabernaculis</span> <span class='ocrx_word' id='word_1_69' title='bbox 810 1635 974 1724; x_wconf 75' lang='lat' dir='ltr'>relictiS,</span> <span class='ocrx_word' id='word_1_70' title='bbox 1003 1635 1047 1708; x_wconf 94' lang='lat' dir='ltr'>de</span> <span class='ocrx_word' id='word_1_71' title='bbox 1073 1639 1185 1715; x_wconf 85' lang='lat' dir='ltr'>tertia</span> 
     </span>
     <span class='ocr_line' id='line_1_12' title="bbox 57 1738 1055 1851; baseline 0.002 -29"><span class='ocrx_word' id='word_1_72' title='bbox 57 1748 192 1848; x_wconf 86' lang='lat' dir='ltr'>vigilia</span> <span class='ocrx_word' id='word_1_73' title='bbox 217 1751 363 1823; x_wconf 87' lang='lat' dir='ltr'>silentio</span> <span class='ocrx_word' id='word_1_74' title='bbox 390 1752 600 1824; x_wconf 88' lang='lat' dir='ltr'>exercitum</span> <span class='ocrx_word' id='word_1_75' title='bbox 625 1753 664 1825; x_wconf 93' lang='lat' dir='ltr'>in</span> <span class='ocrx_word' id='word_1_76' title='bbox 690 1752 868 1851; x_wconf 86' lang='lat' dir='ltr'>oppidum</span> <span class='ocrx_word' id='word_1_77' title='bbox 886 1738 1055 1824; x_wconf 44' lang='lat' dir='ltr'>&#39;reducit</span> 
     </span>
    </p>

    <p class='ocr_par' dir='ltr' id='par_1_3' title="bbox 58 1856 1273 3330">
     <span class='ocr_line' id='line_1_13' title="bbox 116 1856 1184 1941; baseline 0.002 -3"><span class='ocrx_word' id='word_1_78' title='bbox 116 1863 179 1939; x_wconf 87' lang='lat'>36.</span> <span class='ocrx_word' id='word_1_79' title='bbox 212 1869 368 1940; x_wconf 88' lang='lat' dir='ltr'>Postero</span> <span class='ocrx_word' id='word_1_80' title='bbox 404 1866 462 1940; x_wconf 89' lang='lat' dir='ltr'>die</span> <span class='ocrx_word' id='word_1_81' title='bbox 490 1856 604 1941; x_wconf 87' lang='lat' dir='ltr'>Curio</span> <span class='ocrx_word' id='word_1_82' title='bbox 631 1869 782 1940; x_wconf 80' lang='lat' dir='ltr'>Uticam</span> <span class='ocrx_word' id='word_1_83' title='bbox 818 1867 985 1940; x_wconf 85' lang='lat' dir='ltr'>obsidere</span> <span class='ocrx_word' id='word_1_84' title='bbox 1020 1873 1059 1940; x_wconf 94' lang='lat' dir='ltr'>et</span> <span class='ocrx_word' id='word_1_85' title='bbox 1086 1866 1184 1940; x_wconf 87' lang='lat' dir='ltr'>vallo</span> 
     </span>
     <span class='ocr_line' id='line_1_14' title="bbox 59 1965 1181 2080; baseline 0 -26"><span class='ocrx_word' id='word_1_86' title='bbox 59 1981 359 2054; x_wconf 82' lang='lat' dir='ltr'>circummunire</span> <span class='ocrx_word' id='word_1_87' title='bbox 386 1981 562 2054; x_wconf 89' lang='lat' dir='ltr'>instituit.</span> <span class='ocrx_word' id='word_1_88' title='bbox 612 1983 706 2054; x_wconf 84' lang='lat' dir='ltr'>Erat</span> <span class='ocrx_word' id='word_1_89' title='bbox 734 1983 772 2054; x_wconf 93' lang='lat' dir='ltr'>in</span> <span class='ocrx_word' id='word_1_90' title='bbox 808 1981 943 2080; x_wconf 89' lang='lat' dir='ltr'>oppido</span> <span class='ocrx_word' id='word_1_91' title='bbox 976 1965 1181 2054; x_wconf 75' lang='lat' dir='ltr'>multitudo</span> 
     </span>
     <span class='ocr_line' id='line_1_15' title="bbox 58 2095 1183 2195; baseline -0.004 -23"><span class='ocrx_word' id='word_1_92' title='bbox 58 2095 227 2172; x_wconf 85' lang='lat' dir='ltr'>insolens</span> <span class='ocrx_word' id='word_1_93' title='bbox 252 2097 336 2170; x_wconf 89' lang='lat' dir='ltr'>belli</span> <span class='ocrx_word' id='word_1_94' title='bbox 365 2096 610 2170; x_wconf 88' lang='lat' dir='ltr'>diuturnitate</span> <span class='ocrx_word' id='word_1_95' title='bbox 637 2097 732 2168; x_wconf 90' lang='lat' dir='ltr'>otii:</span> <span class='ocrx_word' id='word_1_96' title='bbox 772 2097 966 2169; x_wconf 90' lang='lat' dir='ltr'>Uticenses</span> <span class='ocrx_word' id='word_1_97' title='bbox 1002 2121 1069 2195; x_wconf 80' lang='lat' dir='ltr'>pro</span> <span class='ocrx_word' id='word_1_98' title='bbox 1097 2099 1183 2194; x_wconf 84' lang='lat' dir='ltr'>qui-</span> 
     </span>
     <span class='ocr_line' id='line_1_16' title="bbox 60 2209 1181 2285; baseline 0 -3"><span class='ocrx_word' id='word_1_99' title='bbox 60 2209 226 2284; x_wconf 87' lang='lat' dir='ltr'>busdam</span> <span class='ocrx_word' id='word_1_100' title='bbox 260 2212 428 2285; x_wconf 85' lang='lat' dir='ltr'>Caesaris</span> <span class='ocrx_word' id='word_1_101' title='bbox 467 2213 504 2284; x_wconf 92' lang='lat' dir='ltr'>in</span> <span class='ocrx_word' id='word_1_102' title='bbox 544 2235 581 2282; x_wconf 86' lang='lat' dir='ltr'>se</span> <span class='ocrx_word' id='word_1_103' title='bbox 622 2209 809 2282; x_wconf 86' lang='lat' dir='ltr'>benefieiis</span> <span class='ocrx_word' id='word_1_104' title='bbox 846 2209 899 2282; x_wconf 91' lang='lat' dir='ltr'>illi</span> <span class='ocrx_word' id='word_1_105' title='bbox 942 2213 1181 2282; x_wconf 86' lang='lat' dir='ltr'>amicissimi:</span> 
     </span>
     <span class='ocr_line' id='line_1_17' title="bbox 61 2323 1273 2424; baseline -0.002 -28"><span class='ocrx_word' id='word_1_106' title='bbox 61 2331 275 2400; x_wconf 87' lang='lat' dir='ltr'>conventus</span> <span class='ocrx_word' id='word_1_107' title='bbox 306 2325 368 2414; x_wconf 92' lang='lat' dir='ltr'>is,</span> <span class='ocrx_word' id='word_1_108' title='bbox 408 2328 470 2422; x_wconf 91' lang='lat' dir='ltr'>qui</span> <span class='ocrx_word' id='word_1_109' title='bbox 506 2349 552 2397; x_wconf 83' lang='lat' dir='ltr'>ex</span> <span class='ocrx_word' id='word_1_110' title='bbox 580 2327 691 2398; x_wconf 90' lang='lat' dir='ltr'>variis</span> <span class='ocrx_word' id='word_1_111' title='bbox 725 2323 923 2424; x_wconf 84' lang='lat' dir='ltr'>generibus</span> <span class='ocrx_word' id='word_1_112' title='bbox 964 2329 1177 2396; x_wconf 88' lang='lat' dir='ltr'>constaret:</span> <span class='ocrx_word' id='word_1_113' title='bbox 1270 2351 1273 2358; x_wconf 88' lang='lat'>·</span> 
     </span>
     <span class='ocr_line' id='line_1_18' title="bbox 60 2438 1179 2540; baseline -0.001 -30"><span class='ocrx_word' id='word_1_114' title='bbox 60 2443 187 2510; x_wconf 89' lang='lat' dir='ltr'>terror</span> <span class='ocrx_word' id='word_1_115' title='bbox 221 2463 269 2512; x_wconf 82' lang='lat' dir='ltr'>ex</span> <span class='ocrx_word' id='word_1_116' title='bbox 302 2440 553 2537; x_wconf 87' lang='lat' dir='ltr'>superioribus</span> <span class='ocrx_word' id='word_1_117' title='bbox 579 2438 726 2540; x_wconf 88' lang='lat' dir='ltr'>proeliis</span> <span class='ocrx_word' id='word_1_118' title='bbox 752 2463 920 2538; x_wconf 83' lang='lat' dir='ltr'>magnus.</span> <span class='ocrx_word' id='word_1_119' title='bbox 975 2439 1105 2540; x_wconf 74' lang='lat' dir='ltr'>itaque</span> <span class='ocrx_word' id='word_1_120' title='bbox 1133 2439 1179 2509; x_wconf 91' lang='lat' dir='ltr'>de</span> 
     </span>
     <span class='ocr_line' id='line_1_19' title="bbox 64 2549 1176 2655; baseline 0.002 -29"><span class='ocrx_word' id='word_1_121' title='bbox 64 2553 252 2640; x_wconf 84' lang='lat' dir='ltr'>deditione</span> <span class='ocrx_word' id='word_1_122' title='bbox 280 2579 409 2628; x_wconf 89' lang='lat' dir='ltr'>omnes</span> <span class='ocrx_word' id='word_1_123' title='bbox 433 2555 555 2655; x_wconf 86' lang='lat' dir='ltr'>palam</span> <span class='ocrx_word' id='word_1_124' title='bbox 575 2555 826 2653; x_wconf 84' lang='lat' dir='ltr'>loquebantur</span> <span class='ocrx_word' id='word_1_125' title='bbox 844 2549 883 2628; x_wconf 85' lang='lat' dir='ltr'>et</span> <span class='ocrx_word' id='word_1_126' title='bbox 901 2579 990 2627; x_wconf 91' lang='lat' dir='ltr'>cum</span> <span class='ocrx_word' id='word_1_127' title='bbox 1008 2557 1048 2627; x_wconf 89' lang='lat' dir='ltr'>P.</span> <span class='ocrx_word' id='word_1_128' title='bbox 1068 2557 1176 2628; x_wconf 84' lang='lat' dir='ltr'>Attio</span> 
     </span>
     <span class='ocr_line' id='line_1_20' title="bbox 63 2671 1180 2772; baseline -0.002 -28"><span class='ocrx_word' id='word_1_129' title='bbox 63 2672 257 2772; x_wconf 87' lang='lat' dir='ltr'>agebant,</span> <span class='ocrx_word' id='word_1_130' title='bbox 293 2695 338 2744; x_wconf 88' lang='lat' dir='ltr'>ne</span> <span class='ocrx_word' id='word_1_131' title='bbox 373 2698 440 2746; x_wconf 89' lang='lat' dir='ltr'>sua</span> <span class='ocrx_word' id='word_1_132' title='bbox 466 2673 672 2772; x_wconf 87' lang='lat' dir='ltr'>pertinacia</span> <span class='ocrx_word' id='word_1_133' title='bbox 698 2673 868 2746; x_wconf 88' lang='lat' dir='ltr'>omnium</span> <span class='ocrx_word' id='word_1_134' title='bbox 893 2671 1063 2744; x_wconf 85' lang='lat' dir='ltr'>fortunas</span> <span class='ocrx_word' id='word_1_135' title='bbox 1097 2695 1180 2769; x_wconf 88' lang='lat' dir='ltr'>per-</span> 
     </span>
     <span class='ocr_line' id='line_1_21' title="bbox 62 2787 1177 2888; baseline 0 -28"><span class='ocrx_word' id='word_1_136' title='bbox 62 2789 207 2862; x_wconf 88' lang='lat' dir='ltr'>turbari</span> <span class='ocrx_word' id='word_1_137' title='bbox 234 2787 357 2861; x_wconf 87' lang='lat' dir='ltr'>veltet.</span> <span class='ocrx_word' id='word_1_138' title='bbox 385 2789 488 2862; x_wconf 89' lang='lat' dir='ltr'>Haec</span> <span class='ocrx_word' id='word_1_139' title='bbox 515 2812 631 2885; x_wconf 90' lang='lat' dir='ltr'>quum</span> <span class='ocrx_word' id='word_1_140' title='bbox 659 2795 888 2888; x_wconf 86' lang='lat' dir='ltr'>agerentur,</span> <span class='ocrx_word' id='word_1_141' title='bbox 914 2789 1040 2865; x_wconf 88' lang='lat' dir='ltr'>nuncii</span> <span class='ocrx_word' id='word_1_142' title='bbox 1072 2811 1177 2886; x_wconf 89' lang='lat' dir='ltr'>prae-</span> 
     </span>
     <span class='ocr_line' id='line_1_22' title="bbox 62 2901 1175 3004; baseline 0 -30"><span class='ocrx_word' id='word_1_143' title='bbox 62 2902 164 2974; x_wconf 87' lang='lat' dir='ltr'>missi</span> <span class='ocrx_word' id='word_1_144' title='bbox 181 2901 228 2974; x_wconf 93' lang='lat' dir='ltr'>ab</span> <span class='ocrx_word' id='word_1_145' title='bbox 246 2903 347 3000; x_wconf 82' lang='lat' dir='ltr'>Rege</span> <span class='ocrx_word' id='word_1_146' title='bbox 374 2903 465 2974; x_wconf 88' lang='lat' dir='ltr'>iuba</span> <span class='ocrx_word' id='word_1_147' title='bbox 484 2909 691 2992; x_wconf 87' lang='lat' dir='ltr'>venerunt,</span> <span class='ocrx_word' id='word_1_148' title='bbox 715 2905 778 2999; x_wconf 91' lang='lat' dir='ltr'>qui</span> <span class='ocrx_word' id='word_1_149' title='bbox 797 2901 903 2976; x_wconf 85' lang='lat' dir='ltr'>illum</span> <span class='ocrx_word' id='word_1_150' title='bbox 922 2927 1010 2976; x_wconf 91' lang='lat' dir='ltr'>cum</span> <span class='ocrx_word' id='word_1_151' title='bbox 1029 2903 1175 3004; x_wconf 82' lang='lat' dir='ltr'>magnis</span> 
     </span>
     <span class='ocr_line' id='line_1_23' title="bbox 63 3018 1178 3120; baseline -0.004 -25"><span class='ocrx_word' id='word_1_152' title='bbox 63 3021 179 3120; x_wconf 83' lang='lat' dir='ltr'>copiis</span> <span class='ocrx_word' id='word_1_153' title='bbox 205 3019 329 3120; x_wconf 86' lang='lat' dir='ltr'>adesse</span> <span class='ocrx_word' id='word_1_154' title='bbox 357 3019 523 3092; x_wconf 87' lang='lat' dir='ltr'>dicerent</span> <span class='ocrx_word' id='word_1_155' title='bbox 557 3019 667 3092; x_wconf 88' lang='lat' dir='ltr'>etde</span> <span class='ocrx_word' id='word_1_156' title='bbox 695 3019 865 3094; x_wconf 88' lang='lat' dir='ltr'>custodia</span> <span class='ocrx_word' id='word_1_157' title='bbox 892 3044 935 3092; x_wconf 90' lang='lat' dir='ltr'>ac</span> <span class='ocrx_word' id='word_1_158' title='bbox 963 3018 1178 3092; x_wconf 84' lang='lat' dir='ltr'>defensione</span> 
     </span>
     <span class='ocr_line' id='line_1_24' title="bbox 64 3136 1179 3236; baseline -0.003 -27"><span class='ocrx_word' id='word_1_159' title='bbox 64 3137 166 3210; x_wconf 86' lang='lat' dir='ltr'>urbis</span> <span class='ocrx_word' id='word_1_160' title='bbox 191 3137 459 3214; x_wconf 76' lang='lat' dir='ltr'>hortarentur:</span> <span class='ocrx_word' id='word_1_161' title='bbox 486 3159 666 3233; x_wconf 88' lang='lat' dir='ltr'>quaeres</span> <span class='ocrx_word' id='word_1_162' title='bbox 692 3160 822 3214; x_wconf 89' lang='lat' dir='ltr'>eorum</span> <span class='ocrx_word' id='word_1_163' title='bbox 849 3136 1065 3236; x_wconf 89' lang='lat' dir='ltr'>perterritos</span> <span class='ocrx_word' id='word_1_164' title='bbox 1100 3137 1179 3206; x_wconf 85' lang='lat' dir='ltr'>ani·</span> 
     </span>
     <span class='ocr_line' id='line_1_25' title="bbox 63 3253 470 3330; baseline -0.01 -2"><span class='ocrx_word' id='word_1_165' title='bbox 63 3279 144 3330; x_wconf 90' lang='lat' dir='ltr'>mos</span> <span class='ocrx_word' id='word_1_166' title='bbox 171 3253 421 3328; x_wconf 84' lang='lat' dir='ltr'>confirmavit.</span> <span class='ocrx_word' id='word_1_167' title='bbox 469 3319 470 3324; x_wconf 75' lang='grc'>,</span> 
     </span>
    </p>
   </div>
   <div class='ocr_carea' id='block_1_3' title="bbox 64 3553 1175 3695">
    <p class='ocr_par' dir='ltr' id='par_1_4' title="bbox 64 3553 1175 3695">
     <span class='ocr_line' id='line_1_26' title="bbox 97 3553 1175 3630; baseline -0.004 -20"><span class='ocrx_word' id='word_1_168' title='bbox 97 3577 161 3630; x_wconf 78' lang='lat' dir='ltr'>quur</span> <span class='ocrx_word' id='word_1_169' title='bbox 184 3559 219 3610; x_wconf 80' lang='lat' dir='ltr'>ud</span> <span class='ocrx_word' id='word_1_170' title='bbox 242 3559 300 3629; x_wconf 80' lang='lat' dir='ltr'>obp.</span> <span class='ocrx_word' id='word_1_171' title='bbox 345 3555 468 3609; x_wconf 77' lang='lat' dir='ltr'>Clarkius</span> <span class='ocrx_word' id='word_1_172' title='bbox 490 3575 504 3608; x_wconf 82' lang='lat' dir='ltr'>c</span> <span class='ocrx_word' id='word_1_173' title='bbox 525 3555 583 3611; x_wconf 84' lang='lat' dir='ltr'>sod·</span> <span class='ocrx_word' id='word_1_174' title='bbox 684 3559 880 3608; x_wconf 64' lang='lat' dir='ltr'>mammenus</span> <span class='ocrx_word' id='word_1_175' title='bbox 917 3553 974 3608; x_wconf 81' lang='lat' dir='ltr'>Alii</span> <span class='ocrx_word' id='word_1_176' title='bbox 990 3559 1175 3607; x_wconf 64' lang='lat' dir='ltr'>cirumvem&#39;re.</span> 
     </span>
     <span class='ocr_line' id='line_1_27' title="bbox 64 3625 785 3695; baseline -0.01 -14"><span class='ocrx_word' id='word_1_177' title='bbox 64 3629 142 3695; x_wconf 67' lang='lat' dir='ltr'>Regno</span> <span class='ocrx_word' id='word_1_178' title='bbox 154 3626 228 3678; x_wconf 84' lang='lat' dir='ltr'>addit</span> <span class='ocrx_word' id='word_1_179' title='bbox 240 3645 294 3685; x_wconf 70' lang='lat' dir='ltr'>rus,</span> <span class='ocrx_word' id='word_1_180' title='bbox 306 3634 336 3677; x_wconf 91' lang='lat' dir='ltr'>ut</span> <span class='ocrx_word' id='word_1_181' title='bbox 346 3625 414 3678; x_wconf 81' lang='lat' dir='ltr'>solet</span> <span class='ocrx_word' id='word_1_182' title='bbox 424 3633 521 3678; x_wconf 86' lang='lat' dir='ltr'>noster.</span> <span class='ocrx_word' id='word_1_183' title='bbox 540 3625 585 3678; x_wconf 86' lang='lat' dir='ltr'>Sic</span> <span class='ocrx_word' id='word_1_184' title='bbox 651 3629 681 3674; x_wconf 90' lang='lat' dir='ltr'>ut</span> <span class='ocrx_word' id='word_1_185' title='bbox 704 3641 726 3689; x_wconf 90' lang='lat'>1,</span> <span class='ocrx_word' id='word_1_186' title='bbox 748 3625 785 3674; x_wconf 76' lang='lat'>18.</span> 
     </span>
    </p>
   </div>
   <div class='ocr_carea' id='block_1_4' title="bbox 65 3693 1185 3816">
    <p class='ocr_par' dir='ltr' id='par_1_5' title="bbox 65 3693 1185 3816">
     <span class='ocr_line' id='line_1_28' title="bbox 65 3693 1185 3816; baseline -0.02 1"><span class='ocrx_word' id='word_1_187' title='bbox 65 3696 186 3766; x_wconf 50' lang='lat' dir='ltr'>repetitur</span> <span class='ocrx_word' id='word_1_188' title='bbox 201 3693 264 3747; x_wconf 61' lang='lat' dir='ltr'>locis</span> <span class='ocrx_word' id='word_1_189' title='bbox 281 3711 338 3763; x_wconf 45' lang='lat' dir='ltr'><strong>cap·</strong></span> <span class='ocrx_word' id='word_1_190' title='bbox 357 3703 397 3757; x_wconf 43' lang='grc' dir='ltr'>μ’</span> <span class='ocrx_word' id='word_1_191' title='bbox 683 3749 836 3798; x_wconf 81' lang='lat' dir='ltr'>arnicisrimi.</span> <span class='ocrx_word' id='word_1_192' title='bbox 855 3744 937 3798; x_wconf 86' lang='lat' dir='ltr'>Codd.</span> <span class='ocrx_word' id='word_1_193' title='bbox 957 3745 1066 3816; x_wconf 86' lang='lat' dir='ltr'>quidam</span> <span class='ocrx_word' id='word_1_194' title='bbox 1077 3753 1104 3798; x_wconf 86' lang='lat' dir='ltr'>et</span> <span class='ocrx_word' id='word_1_195' title='bbox 1115 3711 1185 3800; x_wconf 52' lang='lat' dir='ltr'>cdd,</span> 
     </span>
    </p>
   </div>
   <div class='ocr_carea' id='block_1_5' title="bbox 650 3811 937 3898">
    <p class='ocr_par' dir='ltr' id='par_1_6' title="bbox 650 3811 937 3898">
     <span class='ocr_line' id='line_1_29' title="bbox 650 3811 937 3898; baseline -0.021 -31"><span class='ocrx_word' id='word_1_196' title='bbox 650 3823 715 3868; x_wconf 79' lang='lat' dir='ltr'>vett.</span> <span class='ocrx_word' id='word_1_197' title='bbox 734 3811 836 3898; x_wconf 78' lang='lat' dir='ltr'>addunt</span> <span class='ocrx_word' id='word_1_198' title='bbox 853 3826 937 3864; x_wconf 75' lang='lat' dir='ltr'>erunt.</span> 
     </span>
    </p>
   </div>
   <div class='ocr_carea' id='block_1_6' title="bbox 61 3888 1177 4500">
    <p class='ocr_par' dir='ltr' id='par_1_7' title="bbox 61 3888 1177 4500">
     <span class='ocr_line' id='line_1_30' title="bbox 96 3888 1064 3966; baseline -0.01 -22"><span class='ocrx_word' id='word_1_199' title='bbox 96 3913 125 3944; x_wconf 83' lang='lat' dir='ltr'>nc</span> <span class='ocrx_word' id='word_1_200' title='bbox 139 3893 197 3944; x_wconf 81' lang='lat' dir='ltr'>mite</span> <span class='ocrx_word' id='word_1_201' title='bbox 214 3890 362 3943; x_wconf 78' lang='lat' dir='ltr'>vuiroeratr&#39;s.</span> <span class='ocrx_word' id='word_1_202' title='bbox 390 3888 507 3942; x_wconf 87' lang='lat' dir='ltr'>Verbum</span> <span class='ocrx_word' id='word_1_203' title='bbox 522 3889 583 3942; x_wconf 81' lang='lat' dir='ltr'>mite</span> <span class='ocrx_word' id='word_1_204' title='bbox 777 3925 803 3966; x_wconf 57' lang='grc' dir='ltr'>ω</span> <span class='ocrx_word' id='word_1_205' title='bbox 843 3895 879 3966; x_wconf 71' lang='lat' dir='ltr'>C&#39;s</span> <span class='ocrx_word' id='word_1_206' title='bbox 902 3913 914 3963; x_wconf 78' lang='lat'><em>1</em></span> <span class='ocrx_word' id='word_1_207' title='bbox 935 3912 953 3964; x_wconf 72' lang='lat' dir='ltr'><strong>d</strong></span> <span class='ocrx_word' id='word_1_208' title='bbox 979 3913 1017 3966; x_wconf 81' lang='grc' dir='ltr'><em>Μ</em></span> <span class='ocrx_word' id='word_1_209' title='bbox 1061 3916 1064 3934; x_wconf 58' lang='grc' dir='ltr'><strong>ι</strong></span> 
     </span>
     <span class='ocr_line' id='line_1_31' title="bbox 65 3932 1159 4032; baseline -0.009 -18"><span class='ocrx_word' id='word_1_210' title='bbox 65 3959 175 4015; x_wconf 86' lang='lat' dir='ltr'>Ursinus</span> <span class='ocrx_word' id='word_1_211' title='bbox 192 3981 206 4012; x_wconf 83' lang='lat' dir='ltr'>u</span> <span class='ocrx_word' id='word_1_212' title='bbox 224 3959 311 4012; x_wconf 85' lang='lat' dir='ltr'>codice</span> <span class='ocrx_word' id='word_1_213' title='bbox 328 3957 458 4010; x_wconf 81' lang='lat' dir='ltr'>restituit:</span> <span class='ocrx_word' id='word_1_214' title='bbox 477 3959 505 4010; x_wconf 88' lang='lat' dir='ltr'>iu</span> <span class='ocrx_word' id='word_1_215' title='bbox 522 3957 592 4010; x_wconf 76' lang='lat' dir='ltr'>nliis‘</span> <span class='ocrx_word' id='word_1_216' title='bbox 683 3933 776 3969; x_wconf 52' lang='lat' dir='ltr'>amm</span> <span class='ocrx_word' id='word_1_217' title='bbox 804 3933 824 3965; x_wconf 48' lang='grc' dir='ltr'>ε’</span> <span class='ocrx_word' id='word_1_218' title='bbox 862 3951 884 4032; x_wconf 44' lang='grc'>,“</span> <span class='ocrx_word' id='word_1_219' title='bbox 916 3932 933 3964; x_wconf 69' lang='lat' dir='ltr'>n</span> <span class='ocrx_word' id='word_1_220' title='bbox 955 3951 961 3963; x_wconf 83' lang='lat'>&#39;</span> <span class='ocrx_word' id='word_1_221' title='bbox 988 3973 989 3977; x_wconf 50' lang='lat'>¹</span> <span class='ocrx_word' id='word_1_222' title='bbox 1015 3949 1040 4030; x_wconf 40' lang='lat'>&#39;.</span> <span class='ocrx_word' id='word_1_223' title='bbox 1154 4021 1159 4031; x_wconf 39' lang='lat'>·</span> 
     </span>
     <span class='ocr_line' id='line_1_32' title="bbox 64 4018 1175 4092; baseline -0.007 -12"><span class='ocrx_word' id='word_1_224' title='bbox 64 4027 138 4080; x_wconf 88' lang='lat' dir='ltr'>codd.</span> <span class='ocrx_word' id='word_1_225' title='bbox 156 4025 197 4078; x_wconf 87' lang='lat' dir='ltr'>vel</span> <span class='ocrx_word' id='word_1_226' title='bbox 214 4025 301 4086; x_wconf 85' lang='lat' dir='ltr'>deest,</span> <span class='ocrx_word' id='word_1_227' title='bbox 318 4025 359 4077; x_wconf 89' lang='lat' dir='ltr'>vei</span> <span class='ocrx_word' id='word_1_228' title='bbox 377 4025 405 4078; x_wconf 82' lang='lat' dir='ltr'>in</span> <span class='ocrx_word' id='word_1_229' title='bbox 422 4043 475 4076; x_wconf 87' lang='lat' dir='ltr'>uno</span> <span class='ocrx_word' id='word_1_230' title='bbox 499 4044 530 4076; x_wconf 84' lang='lat' dir='ltr'>ue</span> <span class='ocrx_word' id='word_1_231' title='bbox 551 4043 582 4075; x_wconf 85' lang='lat' dir='ltr'>ro</span> <span class='ocrx_word' id='word_1_232' title='bbox 680 4021 779 4092; x_wconf 82' lang='lat' dir='ltr'>palum.</span> <span class='ocrx_word' id='word_1_233' title='bbox 828 4019 928 4073; x_wconf 81' lang='lat' dir='ltr'>Mirum</span> <span class='ocrx_word' id='word_1_234' title='bbox 951 4028 1006 4081; x_wconf 87' lang='lat' dir='ltr'>est,</span> <span class='ocrx_word' id='word_1_235' title='bbox 1031 4038 1059 4072; x_wconf 91' lang='grc' dir='ltr'>ιιι</span> <span class='ocrx_word' id='word_1_236' title='bbox 1084 4018 1175 4072; x_wconf 75' lang='lat' dir='ltr'>multis</span> 
     </span>
     <span class='ocr_line' id='line_1_33' title="bbox 65 4085 1174 4172; baseline -0.009 -28"><span class='ocrx_word' id='word_1_237' title='bbox 65 4097 129 4146; x_wconf 80' lang='grc' dir='ltr'><strong>νιιίιι.</strong></span> <span class='ocrx_word' id='word_1_238' title='bbox 140 4093 243 4172; x_wconf 71' lang='lat' dir='ltr'>iegitur,</span> <span class='ocrx_word' id='word_1_239' title='bbox 257 4095 325 4146; x_wconf 87' lang='lat' dir='ltr'>utin</span> <span class='ocrx_word' id='word_1_240' title='bbox 337 4092 396 4145; x_wconf 88' lang='lat' dir='ltr'>aliis</span> <span class='ocrx_word' id='word_1_241' title='bbox 408 4104 582 4144; x_wconf 76' lang='lat' dir='ltr'>rursusauuo</span> <span class='ocrx_word' id='word_1_242' title='bbox 650 4089 727 4143; x_wconf 85' lang='lat' dir='ltr'>codd.</span> <span class='ocrx_word' id='word_1_243' title='bbox 746 4107 799 4140; x_wconf 86' lang='lat' dir='ltr'>nou</span> <span class='ocrx_word' id='word_1_244' title='bbox 818 4089 940 4166; x_wconf 84' lang='lat' dir='ltr'>pessimis</span> <span class='ocrx_word' id='word_1_245' title='bbox 962 4091 989 4138; x_wconf 84' lang='lat' dir='ltr'>in</span> <span class='ocrx_word' id='word_1_246' title='bbox 1004 4087 1093 4154; x_wconf 77' lang='lat' dir='ltr'>palam</span> <span class='ocrx_word' id='word_1_247' title='bbox 1111 4085 1174 4164; x_wconf 79' lang='lat' dir='ltr'>legi,</span> 
     </span>
     <span class='ocr_line' id='line_1_34' title="bbox 65 4111 1177 4228; baseline -0.008 -16"><span class='ocrx_word' id='word_1_248' title='bbox 65 4163 128 4213; x_wconf 81' lang='grc' dir='ltr'><strong>νιιΙιι.</strong></span> <span class='ocrx_word' id='word_1_249' title='bbox 146 4161 310 4222; x_wconf 74' lang='lat' dir='ltr'>Cresconius,</span> <span class='ocrx_word' id='word_1_250' title='bbox 323 4169 350 4212; x_wconf 86' lang='lat' dir='ltr'>et</span> <span class='ocrx_word' id='word_1_251' title='bbox 385 4169 427 4212; x_wconf 84' lang='lat' dir='ltr'>ost</span> <span class='ocrx_word' id='word_1_252' title='bbox 443 4158 511 4212; x_wconf 89' lang='lat' dir='ltr'>huuc</span> <span class='ocrx_word' id='word_1_253' title='bbox 529 4111 582 4210; x_wconf 78' lang='lat' dir='ltr'>Ua·</span> <span class='ocrx_word' id='word_1_254' title='bbox 650 4157 722 4228; x_wconf 87' lang='lat' dir='ltr'>quod</span> <span class='ocrx_word' id='word_1_255' title='bbox 739 4155 861 4206; x_wconf 77' lang='lat' dir='ltr'>Davisius</span> <span class='ocrx_word' id='word_1_256' title='bbox 889 4153 1030 4223; x_wconf 80' lang='lat' dir='ltr'>exemplis,</span> <span class='ocrx_word' id='word_1_257' title='bbox 1048 4153 1093 4205; x_wconf 87' lang='lat' dir='ltr'>sed</span> <span class='ocrx_word' id='word_1_258' title='bbox 1111 4153 1177 4204; x_wconf 78' lang='lat' dir='ltr'>ultr-</span> 
     </span>
     <span class='ocr_line' id='line_1_35' title="bbox 64 4219 1175 4297; baseline -0.007 -17"><span class='ocrx_word' id='word_1_259' title='bbox 64 4231 216 4292; x_wconf 79' lang='lat' dir='ltr'>visius,iaur</span> <span class='ocrx_word' id='word_1_260' title='bbox 229 4229 343 4288; x_wconf 82' lang='lat' dir='ltr'>monuit,</span> <span class='ocrx_word' id='word_1_261' title='bbox 384 4229 510 4297; x_wconf 86' lang='lat' dir='ltr'>ppianmn</span> <span class='ocrx_word' id='word_1_262' title='bbox 522 4225 580 4278; x_wconf 83' lang='lat' dir='ltr'>Cir.</span> <span class='ocrx_word' id='word_1_263' title='bbox 649 4243 705 4277; x_wconf 81' lang='lat' dir='ltr'>mac</span> <span class='ocrx_word' id='word_1_264' title='bbox 731 4222 885 4281; x_wconf 79' lang='lat' dir='ltr'>latinitatis,</span> <span class='ocrx_word' id='word_1_265' title='bbox 910 4229 936 4272; x_wconf 84' lang='lat' dir='ltr'>et</span> <span class='ocrx_word' id='word_1_266' title='bbox 961 4219 1078 4288; x_wconf 78' lang='lat' dir='ltr'>analogia</span> <span class='ocrx_word' id='word_1_267' title='bbox 1102 4219 1175 4272; x_wconf 89' lang='lat' dir='ltr'>verbi</span> 
     </span>
     <span class='ocr_line' id='line_1_36' title="bbox 64 4285 1175 4368; baseline -0.007 -21"><span class='ocrx_word' id='word_1_268' title='bbox 64 4313 93 4358; x_wconf 88' lang='lat'>2,</span> <span class='ocrx_word' id='word_1_269' title='bbox 111 4308 149 4364; x_wconf 66' lang='lat'>44.</span> <span class='ocrx_word' id='word_1_270' title='bbox 167 4315 192 4368; x_wconf 87' lang='lat' dir='ltr'>p.</span> <span class='ocrx_word' id='word_1_271' title='bbox 212 4300 269 4358; x_wconf 74' lang='grc'>455.</span> <span class='ocrx_word' id='word_1_272' title='bbox 287 4295 397 4354; x_wconf 81' lang='lat' dir='ltr'>tradere,</span> <span class='ocrx_word' id='word_1_273' title='bbox 414 4301 550 4346; x_wconf 79' lang='lat' dir='ltr'>sexcentos</span> <span class='ocrx_word' id='word_1_274' title='bbox 566 4313 581 4346; x_wconf 84' lang='lat' dir='ltr'>e.</span> <span class='ocrx_word' id='word_1_275' title='bbox 648 4298 752 4358; x_wconf 82' lang='lat' dir='ltr'>insuper</span> <span class='ocrx_word' id='word_1_276' title='bbox 770 4288 902 4348; x_wconf 81' lang='lat' dir='ltr'>defendit,</span> <span class='ocrx_word' id='word_1_277' title='bbox 916 4289 957 4342; x_wconf 85' lang='lat' dir='ltr'>cui</span> <span class='ocrx_word' id='word_1_278' title='bbox 972 4285 1175 4365; x_wconf 71' lang='lat' dir='ltr'>Oudendorpius</span> 
     </span>
     <span class='ocr_line' id='line_1_37' title="bbox 65 4353 1173 4432; baseline -0.007 -18"><span class='ocrx_word' id='word_1_279' title='bbox 65 4363 124 4415; x_wconf 86' lang='lat' dir='ltr'>Vari</span> <span class='ocrx_word' id='word_1_280' title='bbox 152 4363 267 4416; x_wconf 82' lang='lat' dir='ltr'>exercitu</span> <span class='ocrx_word' id='word_1_281' title='bbox 295 4363 423 4432; x_wconf 82' lang='lat' dir='ltr'>periisse,</span> <span class='ocrx_word' id='word_1_282' title='bbox 452 4361 581 4431; x_wconf 77' lang='lat' dir='ltr'>multoque</span> <span class='ocrx_word' id='word_1_283' title='bbox 650 4359 737 4423; x_wconf 80' lang='lat' dir='ltr'>inibi,</span> <span class='ocrx_word' id='word_1_284' title='bbox 765 4361 899 4421; x_wconf 79' lang='lat' dir='ltr'>incorum,</span> <span class='ocrx_word' id='word_1_285' title='bbox 928 4353 1031 4428; x_wconf 76' lang='lat' dir='ltr'>imimul</span> <span class='ocrx_word' id='word_1_286' title='bbox 1062 4354 1173 4406; x_wconf 77' lang='lat' dir='ltr'>addidit.</span> 
     </span>
     <span class='ocr_line' id='line_1_38' title="bbox 61 4419 1174 4500; baseline -0.007 -16"><span class='ocrx_word' id='word_1_287' title='bbox 61 4432 144 4500; x_wconf 78' lang='lat' dir='ltr'>piures</span> <span class='ocrx_word' id='word_1_288' title='bbox 159 4429 311 4485; x_wconf 77' lang='lat' dir='ltr'>vulneratos</span> <span class='ocrx_word' id='word_1_289' title='bbox 328 4447 390 4482; x_wconf 84' lang='lat' dir='ltr'>esso.</span> <span class='ocrx_word' id='word_1_290' title='bbox 408 4429 447 4480; x_wconf 86' lang='lat' dir='ltr'>M.</span> <span class='ocrx_word' id='word_1_291' title='bbox 649 4425 758 4479; x_wconf 88' lang='lat' dir='ltr'>Vossius</span> <span class='ocrx_word' id='word_1_292' title='bbox 771 4423 845 4475; x_wconf 73' lang='lat' dir='ltr'>neutri</span> <span class='ocrx_word' id='word_1_293' title='bbox 856 4428 908 4476; x_wconf 83' lang='lat' dir='ltr'>iam</span> <span class='ocrx_word' id='word_1_294' title='bbox 917 4423 1007 4493; x_wconf 79' lang='lat' dir='ltr'>putans</span> <span class='ocrx_word' id='word_1_295' title='bbox 1017 4419 1119 4474; x_wconf 75' lang='lat' dir='ltr'>maluit.</span> <span class='ocrx_word' id='word_1_296' title='bbox 1131 4421 1174 4476; x_wconf 83' lang='lat' dir='ltr'>M.</span> 
     </span>
    </p>
   </div>
   <div class='ocr_carea' id='block_1_7' title="bbox 0 0 1546 5276">
    <p class='ocr_par' dir='ltr' id='par_1_8' title="bbox 0 0 1546 5276">
     <span class='ocr_line' id='line_1_39' title="bbox 0 0 1546 5276; baseline 0 0"><span class='ocrx_word' id='word_1_297' title='bbox 0 0 1546 5276; x_wconf 95' lang='lat' dir='ltr'> </span> 
     </span>
    </p>
   </div>
  </div>
 </body>
</html>
