3040 5264
655 359 712 422 DE
746 358 880 420 BELLO
915 355 1035 422 orm.

294 349 357 466 94

288 565 551 665 violatumque
569 587 715 664 semper
732 562 879 650 fuisset,
895 563 1064 632 retentos
1084 553 1129 628 ab
1147 578 1185 629 se
1204 559 1244 628 et
1260 554 1299 626 in
1321 552 1420 626 vin·

291 683 375 756 cula
395 683 603 770 coniectos,
634 703 702 780 pro
736 675 993 778 magnitudine
1010 671 1162 776 periculi
1183 669 1324 744 bellum
1343 695 1418 770 pa·

288 826 372 874 rare
392 807 432 874 et
451 799 612 874 maxime
630 822 693 886 ea,
712 819 807 894 quae
823 793 878 873 ,ad
894 817 1006 866 usum
1023 791 1177 864 navium
1196 790 1415 889 pertinent,

289 915 486 1016 providere
503 915 727 996 instituunt;
754 911 826 983 hoc
854 909 994 982 maiore
1012 931 1095 1008 spe,
1114 905 1225 1006 quott
1240 903 1415 977 multum

289 1040 424 1106 natura
448 1030 520 1106 loci
554 1027 801 1103 confidebant.
839 1023 1029 1100 Pedestria
1062 1045 1139 1096 esse
1157 1021 1290 1096 itinera
1318 1045 1416 1094 con·

289 1151 367 1224 cisa
395 1147 609 1238 aestuariis,
634 1145 913 1244 navigationem
940 1141 1144 1242 inpeditam
1170 1145 1327 1239 propter
1354 1141 1415 1212 in-

289 1269 485 1342 scientiam
512 1263 684 1338 locorum
701 1263 1004 1362 paucitatemque
1022 1267 1199 1360 portuur'n
1217 1259 1412 1332 sciebant:

293 1409 414 1486 neque
454 1387 601 1456 nostros
635 1383 822 1454 exercitus
856 1385 1010 1480 propter
1036 1377 1215 1454 frumenti
1240 1379 1412 1477 inopiam

171 1561 176 1566 .
291 1501 433 1576 diutius
460 1497 559 1600 apud
585 1522 624 1572 se
650 1497 789 1572 morari
816 1521 940 1596 posse,
968 1494 1226 1576 confidebant:
1246 1521 1291 1570 ac
1309 1497 1410 1582 iam,

290 1626 334 1692 ut
350 1617 476 1692 omnia
490 1619 622 1690 contra
641 1616 853 1716 opinionem
871 1615 1104 1706 acciderent,
1120 1623 1245 1692 tamen
1265 1640 1304 1688 se
1321 1614 1411 1714 plu-

289 1739 431 1810 rimum
457 1733 616 1808 navibus
642 1756 777 1832 posses
802 1733 993 1808 Romanos
1018 1715 1138 1832 nerine
1157 1731 1272 1806 ullam
1291 1733 1412 1806 facul-

292 1861 414 1955 tatem
445 1853 582 1928 habere
609 1849 784 1940 navium,
810 1873 931 1948 neque
957 1875 1088 1924 eorum
1122 1850 1315 1939 locorum,
1343 1851 1410 1926 ubl

293 1971 435 2046 bellurn
449 1968 590 2068 gesturi
608 1973 749 2056 essent,
766 1965 879 2051 vada,
894 1973 1025 2066 portus
1046 1963 1258 2069 insulasque
1290 1970 1411 2040 novis

291 2115 346 2163 se:
368 2113 411 2161 ac
431 2085 540 2188 longe
555 2083 667 2158 aliam
682 2107 760 2158 esse
775 2085 1052 2184 navigationem
1066 2087 1104 2158 in
1120 2083 1298 2158 concluso
1312 2087 1410 2166 mari

292 2213 405 2304 atque
422 2206 461 2277 in
476 2203 688 2310 vastissimo
708 2209 820 2300 atque
838 2203 1068 2306 apertissimo
1082 2205 1257 2294 Oceano,
1271 2205 1412 2307 perspi-

178 2333 179 2336 ’
293 2322 453 2395 ciebant.
467 2321 535 2394 His
552 2311 653 2392 lnitls
668 2317 847 2408 consiliis,
865 2317 1000 2418 oppida
1017 2322 1206 2411 muniunt,
1220 2320 1411 2395 frumenta

294 2437 458 2547 exuagris
471 2437 509 2507 iu
524 2435 658 2533 oppida
675 2441 931 2530 comportant,
943 2459 1056 2509 naves
1070 2439 1106 2509 in
1121 2439 1333 2527 Venetiam,
1347 2439 1411 2518 ubi

206 2563 207 2568 ’
292 2553 489 2626 Caesarem
510 2551 672 2648 primum
693 2549 829 2622 bellum
845 2558 1039 2650 gesturum
1062 2551 1280 2652 constabat,
1294 2575 1410 2650 quam

182 2761 185 2770 ¹
294 2669 475 2769 plurimas
502 2672 682 2763 possunt,
705 2675 858 2767 cogunt.
885 2669 1014 2744 Socios
1039 2670 1117 2742 sibi·
1135 2667 1182 2741 ud
1208 2667 1246 2741 id
1270 2665 1413 2748 bellum

236 2831 240 2842 ·
295 2787 496 2875 Osismios,
513 2785 718 2873 Lexouios,
737 2785 945 2872 Nannetes,
962 2785 1207 2877 Ambiliatos,
1224 2787 1413 2885 Morinos,

295 2901 522 2990 Diablintes,
535 2899 730 2999 Menapios
744 2899 973 2976 adsciscunt:
989 2901 1125 2983 auxilia
1140 2921 1187 2976 ex
1202 2905 1411 2992 Britannia,

295 3044 390 3121 quae
423 3024 642 3092 contraeas
672 3019 841 3116 regiones
867 3021 988 3120 posita
1013 3027 1093 3113 est,
1118 3001 1327 3099 arcessunt.

350 3161 408 3209 ιο.
432 3136 551 3208 Erant
578 3135 646 3207 hae
674 3129 914 3210 difficultates
932 3137 1019 3210 belli
1037 3141 1214 3238 gerundi,
1240 3163 1334 3237 quas
1353 3167 1414 3214 su·

294 3277 364 3360 pra
390 3253 638 3340 ostendimus;
664 3253 728 3330 sed
754 3251 876 3334 multa
903 3255 1101 3340 Caesarem
1139 3265 1266 3342 umen
1300 3243 1414 3336 adid

329 3501 475 3554 amaro.
492 3497 526 3550 nl.
542 3513 574 3560 a,
593 3499 634 3557 aa,
652 3501 767 3561 rendra,
780 3495 823 3553 bis

295 3565 588 3650 illiciuterpupta.M·
625 3635 630 3647 ι
678 3635 704 3646 ..

296 3629 822 3780 naastusvtsas‘tfflt

297 3785 358 3846 rpus
379 3777 500 3846 ignorat,
526 3783 592 3846 quus
616 3775 681 3844 sunt
697 3771 822 3844 verruta-

271 3968 273 3972 .
297 3831 822 3972 intramurana:

297 3967 474 4112 ‘Uibillium
486 4045 578 4110 atque..
590 4033 661 4088 Haec
672 4031 726 4086 duo
742 4031 822 4113 vepbn

297 4097 394 4178 desunt
405 4117 434 4152 m
444 4099 519 4154 corlrl.
532 4097 691 4170 quibusdam
703 4109 733 4154 st
743 4101 820 4158 editt,

298 4185 496 4286 Prllnrlrsb'iliaros.
514 4233 559 4287 Sic
582 4231 658 4288 codd·
683 4233 749 4306 pleri
787 4221 789 4228 χ
812 4269 821 4296 ,

298 4317 366 4372 quos
383 4299 555 4370 Oudendorp.
570 4310 672 4354 secutus
688 4311 737 4352 est.
774 4301 831 4366 lu„

297 4366 341 4424 rel
355 4367 496 4436 amun.
513 4367 556 4430 nl
571 4368 741 4430 Amulius.
757 4369 823 4424 An·

580 4573 599 4632 l

887 3499 1014 3552 linitores.
1039 3503 1120 3573 Apud
1142 3501 1217 3558 Oros.
1243 3507 1273 3568 6,
1300 3509 1324 3560 8.
1347 3516 1413 3562 snut

887 3568 1051 3621 Ambivartu.
1078 3571 1113 3621 Et
1134 3581 1199 3626 sunt
1216 3571 1303 3643 plures
1327 3578 1412 3628 varie,

888 3641 964 3686 tates.
984 3635 1062 3688 Nihil
1084 3638 1112 3689 in
1129 3637 1171 3690 his
1187 3650 1288 3692 certum
1304 3649 1353 3694 est.
1372 3643 1411 3696 Μ.

887 3701 932 3755 liic
948 3704 1031 3756 sentit
1046 3712 1074 3755 et
1090 3703 1123 3756 D'
1133 3705 1248 3760 Aurills.

922 3767 1067 3821 Diablintes
1097 3769 1214 3826 Valesius
1243 3773 1412 3832 scribendum

886 3834 977 3888 docuit
984 3873 993 3898 ,
1014 3855 1069 3890 non
1091 3837 1267 3900 Diuum,
1294 3851 1325 3896 ut
1341 3844 1411 3915 apud

887 3901 1010 3955 Orosium
1028 3904 1046 3956 l.
1064 3903 1082 3955 l.
1100 3904 1201 3976 legitur.
1220 3908 1319 3960 Cellar.

921 3971 1028 4022 mulia.
1047 3971 1108 4026 Non
1126 3981 1190 4042 puto
1207 3973 1312 4028 differre
1332 3995 1349 4028 a
1365 3995 1413 4030 so·

887 4035 956 4115 ciis.
973 4055 1040 4108 quos
1057 4038 1137 4092 morlo
1153 4039 1274 4102 dixerat,
1291 4042 1338 4096 sed
1355 4063 1411 4100 ora·

887 4112 988 4160 tionem
1005 4107 1107 4158 venari.
1125 4107 1163 4158 M.

920 4173 1001 4222 malm
1018 4173 1156 4226 Caesarem
1168 4184 1218 4229 etc.
1235 4175 1333 4244 Strabo
1349 4195 1413 4231 eon·

888 4245 927 4316 tra
945 4237 976 4288 L.
996 4247 1020 4304 4.
1038 4258 1065 4310 p.
1087 4251 1166 4309 spbar
1185 4243 1292 4296 Venetis
1309 4243 1412 4300 bellum

887 4305 1000 4358 inlutum
1028 4307 1132 4370 relcrt,
1160 4317 1189 4362 ut
1217 4313 1413 4366 accinctionem

885 4369 1065 4440 Britannicam
1081 4371 1241 4446 inpedirent·
1266 4351 1343 4434 βου.
