3028 5258
336 353 430 469 554
640 431 645 444 .
701 375 929 455 nn'snsso
964 385 1092 445 crvrrn

331 591 495 668 militurn
523 574 937 684 animum-rideretur,
963 589 1187 666 tentandum
1213 587 1354 664 Caesar
1384 589 1461 666 exi·

331 709 519 796 stimavit,
531 705 716 806 quidnam
734 707 936 815 Pompeius
955 709 1134 808 propositi
1155 715 1223 782 aut
1242 707 1459 786 voluntatis

331 827 377 900 sd
406 823 663 898 dimicandum
680 823 846 903 haberet.
873 830 1005 924 ltaque
1027 851 1073 900 ex
1091 828 1221 900 castris
1241 829 1457 907 exercitum

331 940 462 1016 eduxit
487 939 680 1038 aciemque
706 941 905 1030 instruxit,
930 942 1092 1040 primum
1111 942 1186 1014 suis
1203 939 1319 1034 locis,
1350 941 1459 1041 paul-

329 1055 442 1158 loqoe
469 1083 489 1131 a
517 1057 649 1131 castris
676 1057 842 1158 Pompeii
869 1055 1039 1158 longius3
1061 1058 1349 1134 continentibus
1371 1083 1457 1132 vero

330 1171 484 1262 diebus,
507 1178 552 1246 ut
577 1171 865 1272 progrederetur
890 1197 912 1246 a
939 1173 1071 1246 castris
1107 1172 1183 1246 suis
1219 1171 1459 1268 collibusque

327 1287 564 1386 Pompeianis
592 1289 712 1364 aciem
736 1287 950 1363 subiiceret.
979 1291 1085 1382 Quae
1111 1309 1169 1360 res
1197 1285 1235 1360 iu
1261 1285 1346 1356 dies
1370 1309 1459 1357 con·

327 1403 573 1478 firmatiorem
599 1405 679 1478 cius
705 1403 915 1479 exercitum
941 1401 1140 1478 efficiebat.
1182 1403 1371 1500 Superius
1399 1409 1457 1476 ts-

328 1541 416 1592 men
443 1520 659 1593 institutum
677 1519 717 1598 in
737 1519 947 1616 equitibus,
966 1518 1066 1617 quod
1085 1517 1460 1604 demonstravimus,

329 1633 527 1725 servabat,
550 1640 613 1718 ut,
635 1635 813 1736 quoniam
840 1659 996 1708 numero
1015 1631 1143 1706 multis
1163 1629 1341 1734 partibus
1359 1635 1456 1702 esset

331 1749 504 1839 inferior,
538 1751 792 1826 adolescentes
825 1759 940 1849 atque
975 1747 1189 1848 expeditus,
1225 1770 1274 1818 ex
1308 1748 1455 1820 antesi-

331 1869 464 1968 gnanis
490 1865 629 1947 electus
656 1866 794 1938 milites
820 1865 868 1939 ad
895 1866 1176 1966 pernicitatem,
1201 1863 1318 1936 armis
1355 1865 1453 1936 inter

330 1982 474 2078 equites
501 1980 672 2078 proeliari
698 1979 869 2070 iuberet,
896 1981 960 2078 qui
985 1977 1201 2078 quotidiana
1241 1983 1452 2050 corrsuetu·

330 2091 415 2166 dine
443 2117 551 2170 usum
578 2115 728 2192 quoque
755 2096 834 2168 eius
860 2097 1004 2196 generis
1029 2091 1258 2196 proeliorum
1285 2092 1454 2189 percipe·

325 2219 424 2286 rent.
478 2213 546 2294 His
571 2219 653 2286 erat
677 2211 789 2286 rebus
815 2210 1012 2298 effectum,
1040 2216 1084 2284 ut
1109 2211 1253 2308 equites
1279 2208 1324 2280 Μ
1349 2232 1453 2306 aper·

326 2330 487 2404 tionibus
509 2331 626 2404 etiarn
653 2329 745 2404 locis
771 2335 914 2427 septem
948 2327 1094 2402 milium
1129 2327 1447 2424 Pompeianorum

324 2446 516 2546 inpetum,
557 2469 676 2544 quom
710 2444 855 2518 adesset
893 2466 1004 2532 usus,
1042 2443 1222 2516 sustinere
1262 2442 1450 2518 auderent

324 2585 446 2657 neque
478 2583 710 2660 ,magnopere
750 2585 880 2650 eorum
920 2555 1163 2632 multitudine
1194 2563 1451 2643 terrerentur.

324 2675 498 2772 Namque
516 2681 629 2750 etiam
650 2701 715 2774 per
733 2701 795 2749 eos
813 2676 890 2750 dies
909 2673 1091 2774 proelium
1109 2671 1320 2749 secundum
1338 2699 1451 2772 eque·

325 2795 402 2862 stre
429 2791 537 2878 fecit,
565 2797 678 2886 atque
713 2793 862 2890 Aegum
903 2789 1145 2889 Allobrogem
1182 2811 1231 2860 ex
1271 2788 1450 2876 duobus,

325 2927 420 3008 quos
445 2906 648 3008 perfugisse
675 2905 723 2979 ad
750 2909 972 3006 Pompeium
989 2931 1102 3006 supra
1118 2906 1451 2997 docuimus,.cum

326 3021 552 3120 quibusdam
582 3019 783 3096 interiecit.

378 3135 441 3214 85.
467 3138 687 3238 Pompeius,
712 3138 802 3237 quia
818 3144 952 3215 *castra
978 3139 1017 3212 in
1043 3136 1138 3214 colle
1172 3138 1360 3230 babebat,
1402 3138 1448 3214 ad

357 3436 466 3488 milium
481 3438 602 3486 animum.
619 3431 687 3486 Haec
702 3431 755 3484 duo
770 3429 849 3484 verbe
917 3449 984 3482 runt.
994 3431 1053 3482 Liv.
1064 3429 1106 3492 23,
1119 3441 1159 3496 44.
1171 3431 1312 3506 milles&
1322 3453 1447 3504 perum

324 3503 421 3556 adiecit
445 3500 513 3554 Scal-
538 3519 552 3554 e
579 3499 656 3552 codd.
684 3498 795 3552 Notant
822 3507 850 3550 ct
916 3511 1002 3550 erunt.
1020 3498 1237 3554 Cl.Gronov.de
1254 3512 1374 3571 ρωποι
1393 3513 1447 3566 m.

324 3569 471 3638 Glandorp·
916 3583 943 3636 p.
963 3581 1004 3630 77.
1022 3575 1050 3618 ct
1069 3565 1188 3618 Perizon.
1207 3567 1241 3620 ed
1259 3569 1363 3622 Senetii
1382 3571 1447 3622 Min.

357 3637 426 3704 quod
452 3637 689 3686 demonstravimus.
720 3631 796 3686 Ubi?
817 3631 848 3684 ln
916 3643 941 3697 4,
960 3643 984 3696 4.
1003 3651 1029 3703 p.
1049 3637 1107 3686 611.
1134 3633 1300 3704 Scriptorum
1324 3635 1397 3689 Oud.
1418 3645 1447 3687 ot

323 3703 435 3758 Gallicis
456 3699 533 3754 bellis
554 3699 604 3754 boc
620 3700 725 3772 saepius
747 3699 849 3751 lactum
916 3702 1043 3754 tutiorem
1059 3701 1226 3754 retinuimus.
1246 3701 1276 3754 Ε.
1295 3703 1329 3752 Τ.

322 3780 383 3836 est,
400 3777 430 3822 ut
446 3767 474 3819 Β.
492 3769 527 3822 G.
548 3785 577 3827 ι,
595 3772 647 3832 48,
664 3767 737 3836 quod
754 3765 849 3820 Caesar
949 3785 1026 3835 equum
1049 3769 1149 3819 adesset
1171 3787 1247 3830 usus,
1278 3787 1362 3838 quum
1387 3789 1443 3823 usus

320 3837 427 3892 ridetur
445 3837 565 3887 imitatus
583 3833 632 3886 hoc
652 3843 777 3906 ternpore.
798 3835 837 3884 M.
916 3835 1047 3896 venisset,
1085 3853 1149 3888 uum
1165 3855 1232 3905 opus
1250 3846 1327 3888 esset.
1344 3837 1389 3888 Μ.

356 3909 445 3956 aroris.
474 3901 568 3954 Hiulca
596 3903 688 3954 oratio.
718 3903 847 3952 omissum
948 3919 1026 3952 ursum
1054 3853 1232 3974 duobmgem.
1272 3903 1337 3956 Tres
1367 3902 1444 3956 codd.

321 3969 610 4030 numerationem,
665 3967 700 4021 od
717 3987 848 4020 ermonnn
915 3965 1001 4031 boni,
1034 3970 1134 4040 Aegram
1169 3970 1304 4040 Allobrog.
1324 4019 1327 4024 ,
1345 3969 1441 4024 Recte:

323 4057 404 4108 genos
421 4039 560 4104 designet,
578 4041 634 4088 ineo
651 4042 706 4094 tis,
726 4040 847 4096 insuetis,
915 4053 979 4087 num
1003 4053 1062 4106 cop.
1090 4041 1129 4105 59.
1154 4045 1240 4090 exstet
1264 4036 1315 4090 hoc
1346 4055 1442 4089 nomeu

321 4107 363 4160 rel
375 4105 470 4159 simile.
489 4104 603 4156 lurioins
614 4105 715 4154 uerno.
727 4101 847 4154 Freinsh.
915 4104 993 4156 unius
1024 4103 1118 4156 borum
1145 4103 1328 4172 Allobrogum.
1370 4105 1442 4157 Idem

319 4175 355 4236 sd
378 4175 451 4226 Curt.
474 4187 510 4235 7,
532 4189 563 4237 7,
588 4170 630 4222 32.
653 4183 770 4222 armatos
792 4169 848 4222 heic
914 4168 1026 4222 Davisio
1047 4181 1075 4222 et
1098 4171 1166 4224 ond.
1185 4172 1269 4222 visum
1288 4180 1337 4224 est.
1355 4173 1398 4224 Μ.
1420 4171 1439 4224 Ε

321 4241 371 4310 legi
388 4241 495 4297 suadet,
511 4237 582 4309 qood
599 4255 653 4290 non
691 4237 759 4291 lueet
776 4236 845 4290 Oud.
915 4237 1006 4290 codice
1038 4237 1141 4290 restitui
1175 4256 1273 4292 nomen
1307 4237 1439 4303 debebat,

320 4303 619 4426 risissemus
636 4255 847 4436 {dietus
917 4305 1156 4424 ‘visse-r
1171 4371 1237 4424 n
1254 4371 1368 4426 nn
1384 4370 1439 4424 n

318 4450 387 4496 ms
399 4441 489 4494 nun
503 4439 531 4507 s,
541 4438 567 4507 a,
579 4411 620 4505 φ’.
632 4411 704 4492 mles
714 4431 849 4492 suone
915 4391 1008 4492 aba
1023 4443 1052 4494 a
1067 4437 1134 4491 ωιιι
1150 4437 1254 4494 suae
