3000 5268
700 481 755 546 DE
791 482 924 542 BELLO
959 483 1081 544 GALL.

342 443 431 542 160

335 680 486 768 ceroui·‚
519 680 669 754 tertiam
699 683 737 754 iu
769 683 905 758 Essuos
934 686 978 756 L.
1010 684 1169 768 Roscio;
1198 689 1378 780 quartam
1413 685 1450 758 in

334 795 463 868 Remis
493 820 582 868 cum
607 798 651 868 T.
677 797 840 872 Labieno
856 800 897 872 in
916 799 1077 872 confinio
1098 799 1346 870 Trevirorum
1374 801 1451 871 bie-

333 933 439 989 mare
464 911 590 996 iussit;
617 913 684 984 tris
710 913 748 984 in
773 912 900 1012 Belgio
928 911 1162 988 conlocavit:
1192 911 1247 984 his
1274 913 1327 984 M.
1346 913 1452 986 Cras

334 1050 420 1126 sum
446 1031 717 1120 Quaesturam,
747 1036 786 1102 et
816 1029 859 1104 L.
890 1029 1106 1102 Munatium
1134 1027 1315 1104 Plancum
1343 1036 1384 1102 et
1412 1031 1453 1102 C.

335 1139 563 1212 Trebonium
603 1145 765 1242 Legatos
808 1145 998 1242 praefecit.
1071 1145 1194 1216 Unam
1239 1143 1452 1244 legionem,

335 1280 448 1354 quam
484 1260 651 1356 proxime
682 1267 786 1332 trans
815 1259 962 1332 Padum
993 1262 1294 1362 conscripserat,
1319 1267 1363 1334 et
1391 1287 1452 1332 co-

336 1372 464 1447 bortes
493 1377 656 1471 quinque
686 1376 724 1446 in
750 1376 964 1465 Eburones,
994 1401 1157 1474 quorum
1181 1403 1264 1476 pars
1282 1380 1449 1450 maxima

340 1493 399 1560 est
431 1489 530 1561 inter
564 1491 711 1562 Mosam
750 1515 794 1562 ac
830 1490 1033 1581 Rhenum,
1073 1493 1136 1587 qui
1181 1491 1248 1564 sub
1292 1494 1450 1590 imperio

340 1601 566 1702 Ambiorigis
595 1609 635 1676 et
667 1603 852 1676 Cativolci
884 1612 1010 1692 erant,
1038 1607 1152 1678 misit.
1185 1606 1252 1678 His
1270 1605 1452 1680 militibus

343 1717 389 1804 Q.
424 1717 614 1788 Tilurium
645 1717 832 1792 ¹Sabinum
873 1729 911 1792 et
954 1721 1111 1794 Lucium
1156 1717 1454 1792 Aurunculeium

339 1827 493 1900 Cottam
519 1831 680 1932 Legatos
707 1857 873 1930 praeesse
898 1835 1017 1908 iussit.
1082 1831 1140 1906 Ad
1165 1831 1264 1905 bunc
1298 1833 1455 1905 modum

341 1937 547 2016 distributis
573 1943 806 2044 legionibus,
830 1946 1003 2020 facillime
1021 1949 1166 2048 inopiae
1185 1945 1455 2022 frumentariae

283 2113 287 2132 .
338 2085 416 2134 sese
441 2063 581 2136 mederi
612 2091 717 2163 posse
744 2065 999 2138 existimavit:
1027 2072 1141 2164 atque
1172 2065 1307 2136 barum
1327 2071 1455 2137 tamen

342 2183 510 2256 omnium
535 2181 726 2295 legiopum
759 2183 912 2256 hiberna
941 2187 957 2279 (
982 2189 1254 2282 praeteream,
1277 2186 1454 2278 quamL.

339 2301 476 2374 Roscio
520 2303 558 2376 in
602 2304 879 2402 pacatissimam
921 2307 960 2374 et
997 2300 1264 2397 quietissimam
1304 2305 1453 2396 partem

340 2417 549 2492 ducendam
577 2418 761 2513 dederat)
790 2417 938 2490 milibus
964 2440 1141 2516 passuum
1166 2421 1321 2488 centum
1366 2443 1454 2492 con-

340 2533 568 2604 tinebantur.
594 2535 675 2630 lpse
702 2535 864 2620 interea,
891 2531 1015 2630 quoad
1037 2530 1200 2632 legiones
1219 2528 1454 2604 conlocasset

342 2652 562 2746 munitaque
602 2647 758 2722 hiberna
797 2650 1056 2748 cognovisset,
1095 2649 1134 2720 in
1169 2644 1288 2718 Gallia
1313 2649 1454 2720 morari

341 2766 552 2836 constituit.
1080 2775 1083 2783 '

394 2877 455 2950 25.
481 2879 574 2950 Erat
598 2878 636 2948 in
662 2877 890 2950 Carnutibus
916 2900 1065 2949 summo
1087 2873 1171 2950 loco
1189 2879 1300 2946 natus
1317 2875 1454 2976 Tasge-

342 2990 442 3081 tius,
466 2993 571 3064 cuius
598 2993 757 3066 maiores
782 2995 820 3066 in
846 3017 913 3066 sua
940 2993 1094 3089 civitate
1111 3010 1268 3090 regnum
1285 2989 1454 3065 obtinue-

375 3243 481 3296 Essuos.
501 3243 573 3313 Quia
591 3261 807 3316 nonnumquam
818 3243 865 3294 Es-
930 3243 986 3296 rid.
1004 3241 1107 3296 Notitia
1124 3240 1181 3294 orb.
1199 3247 1254 3291 ant.
1275 3237 1344 3298 2,3.
1381 3237 1453 3300 ,3o7.

343 3332 452 3368 suorum
469 3315 607 3372 meminit,
626 3315 734 3366 Vossius
759 3321 785 3363 et
809 3311 865 3362 Va-

342 3381 421 3436 lesius
446 3391 573 3439 censent,
596 3381 700 3431 Aeduos
725 3377 865 3448 legendum

344 3469 408 3502 csse.
435 3447 531 3500 Cellar.
552 3449 636 3504 ¹Haec
653 3447 768 3518 probant
785 3449 865 3497 etiarn

343 3518 468 3571 Davisius
486 3515 519 3566 ad
537 3513 563 3565 h.
581 3515 599 3565 l.
618 3523 644 3566 et
661 3514 791 3566 Clarkius.
826 3513 865 3562 M.

343 3587 443 3638 Verum
459 3584 491 3636 de
509 3583 632 3652 gentibus
650 3581 692 3634 hic
710 3599 809 3638 sermo,
828 3581 865 3630 in·

345 3653 434 3705 teriori
450 3651 542 3702 Rheno
560 3651 735 3720 propinquis,
752 3659 782 3700 nt
798 3647 865 3701 bens

343 3729 435 3771 monet
459 3719 628 3775 Mauuertus,
657 3738 672 3768 a
701 3736 751 3786 quo
773 3717 867 3768 Rheno

343 3788 459 3838 nimium
476 3785 578 3838 distant
595 3785 690 3836 Aedui.
732 3785 805 3835 ldem
823 3783 865 3834 di-

343 3855 457 3910 cendum
474 3853 506 3905 do
520 3853 603 3906 Plinii
624 3863 653 3915 4.
675 3855 704 3904 18
722 3851 785 3916 (32)
807 3854 867 3903 Ara

343 3917 867 4064 erasisphaleratam

344 4055 427 4114 dum,
453 4055 534 4106 donec
563 4053 629 4123 quid
658 4063 754 4105 curtius
778 4054 864 4104 aletur.

344 4122 366 4172 Ι.
394 4123 425 4173 C.
450 4123 484 4172 ll.
510 4123 614 4172 Aeduos
641 4122 701 4173 ideo
733 4121 866 4190 pracl'ert,

344 4189 416 4259 quod
428 4190 465 4240 eis
482 4189 651 4258 potissimum
668 4189 792 4239 convenit
809 4185 866 4238 laus

341 4261 519 4323 pacatissimae
537 4268 562 4311 et
578 4259 748 4323 quietissimae
762 4258 866 4326 paruis,

345 4323 378 4375 de
394 4341 445 4392 qua
463 4339 533 4373 mox.

378 4389 474 4458 Belgio.
499 4390 546 4440 Est
558 4407 617 4460 pora
630 4387 731 4443 Galliae
743 4389 867 4454 Belgicae,

344 4473 399 4507 uon
417 4465 487 4508 tota:
512 4457 696 4526 complectitur
720 4455 868 4508 Bellovacos

345 4523 866 4590 (vid.c.46),Atrebatsr,Amlsinuos.

932 3311 1104 3430 sitta
1123 3307 1333 3428 Bastuli.
1352 3307 1454 3433 sul

933 3445 1009 3497 male.
1042 3395 1150 3514 auspici
1171 3443 1205 3496 ad
1228 3460 1251 3492 c.
1273 3459 1310 3492 ιι.
1329 3451 1358 3492 et
1375 3427 1409 3493 cl.
1427 3409 1452 3496 8:

933 3516 974 3578 46.
994 3513 1060 3566 Vide
1070 3521 1097 3563 ct
1106 3511 1209 3565 Cluver.
1224 3511 1314 3563 Germ
1325 3517 1385 3560 ant.
1399 3527 1424 3567 2,
1433 3523 1453 3555 ι

966 3581 1129 3650 Ambiorigis.
1170 3577 1277 3630 Numus
1298 3577 1357 3628 eius
1374 3583 1452 3627 exsul

932 3665 991 3699 mm
1007 3647 1100 3699 addito
1117 3660 1208 3698 mnu.
1221 3643 1253 3696 V.
1266 3641 1367 3695 Eclhel
1380 3644 1413 3693 D.
1423 3642 1451 3694 ᾗ.

933 3717 965 3766 V.
984 3725 1002 3766 t.
1027 3733 1049 3765 r.
1068 3733 1095 3784 p.
1114 3717 1153 3777 76.
1167 3709 1259 3764 uhidc
1272 3711 1454 3762 terminatione

933 3788 978 3834 rix
995 3783 1123 3854 disputat

968 3851 1101 3902 Cativolca'.
1119 3849 1151 3900 L.
1170 3850 1202 3909 6,
1215 3846 1256 3898 31.
1269 3843 1345 3898 ΜΗ.
1359 3843 1454 3898 babent

934 3919 1093 3970 Caurvolms.
1120 3915 1166 3969 Gr·
1190 3920 1358 3982 mariannan.

966 3987 1064 4036 uallibus
1089 4001 1158 4052 poss.
1186 3994 1292 4034 aaran.
1335 3979 1453 4030 Peccator

933 4051 992 4104 liele
1020 4053 1130 4106 delectu.
1166 4051 1301 4102 intersunt
1328 4039 1454 4126 'Ctxlt

933 4119 1006 4172 milia
1026 4136 1158 4189 passuum.
1194 4113 1309 4169 Graecus
1326 4122 1452 4182 interpres

934 4197 1024 4258 peccat
1040 4200 1161 4250 excomm
1186 4181 1268 4236 habet
1283 4182 1357 4232 enim
1378 4185 1399 4233 lv
1416 4183 1451 4246 ir

935 4262 1041 4317 binuso
1058 4261 1156 4310 παιδίων
1172 4251 1279 4370 ppprsirr.

965 4315 1448 4442 ἶηέἶυιξῖίὶᾚοίαἲιοᾍηίὶίῗέἇίϋαηι,

933 4455 1090 4577 Ἓοιάῃξοηὶ
1098 4457 1177 4588 putus
1193 4452 1319 4510 Gallim.
1329 4453 1372 4505 Cs-
1384 4449 1448 4505 Uud.

933 4541 948 4574 a
1035 4541 1080 4576 .c.
1116 4539 1140 4588 7.
