3000 5268
346 351 435 448 168

338 589 423 660 tute
448 589 487 658 et
514 605 669 656 numero
697 581 896 683 pugnaudo
923 609 1057 683 pares,
1084 579 1200 657 nostri
1228 581 1435 656 tamenetsi

339 703 386 776 ab
413 701 507 775 duce
534 709 573 774 et
595 729 616 775 a
642 702 792 775 fortuna
819 701 1111 790 deserebantur,
1145 709 1275 776 tamen
1302 723 1437 770 ornnem
1467 741 1470 751 ·

338 838 441 916 spem
472 815 602 890 salutis
631 818 669 890 in
698 818 837 890 virtute
864 817 1054 912 ponebant
1080 821 1144 904 et,
1171 817 1322 914 quoties
1347 837 1440 910 quae·

339 953 412 1028 que
438 931 572 1004 cohors
599 937 860 1028 procurreret,
896 932 942 1001 ab
977 953 1021 1002 ea
1056 937 1161 1027 parte
1200 951 1362 1029 magnus
1385 927 1442 998 ho·

339 1051 453 1118 stium
481 1070 657 1118 numerus
684 1045 856 1118 cadebat.
889 1045 973 1136 Qua
1001 1070 1040 1118 re
1066 1042 1443 1130 animadversa,hm·

338 1159 461 1230 biorix
489 1160 727 1258 pronunciari
753 1159 879 1250 iubet,
906 1168 949 1233 ut
975 1157 1108 1260 procul
1134 1158 1208 1232 tela
1241 1157 1446 1240 comiciam,

339 1297 412 1344 neu
439 1275 590 1372 propius
620 1272 803 1348 accedant
830 1281 895 1364 et,
924 1297 1037 1371 quarn
1064 1276 1103 1346 in
1130 1279 1280 1372 partem
1299 1268 1443 1342 Romani

337 1386 510 1486 inpetum
535 1386 711 1476 feceriut,
736 1388 897 1461 cedant:
924 1387 1078 1462 levitate
1096 1411 1294 1460 armorum
1314 1392 1355 1458 et
1370 1405 1444 1478 quo·

338 1500 480 1572 tidiana
506 1504 774 1576 exercitatione
801 1503 891 1576 nihil
929 1505 975 1576 iis
1010 1502 1134 1576 noceri
1168 1525 1305 1601 posse:
1333 1517 1442 1571 rursus

339 1637 378 1684 se
404 1615 449 1684 ad
478 1617 580 1712 signa
607 1617 829 1716 recipientes
854 1619 1110 1716 insequantur.

391 1731 452 1802 35.
479 1733 565 1822 Quo
592 1740 792 1832 praecepto
819 1735 865 1806 ab
883 1736 926 1807 iis
942 1731 1219 1836 diligentissime
1238 1731 1445 1813 observato,

339 1867 457 1940 quum
484 1848 681 1944 quaepiam
710 1849 844 1922 cohors
871 1873 917 1922 ex
934 1849 1025 1922 orbe
1043 1853 1252 1921 excerceret
1274 1851 1387 1941 atque
1402 1843 1444 1912 in·

337 1967 469 2056 petum
496 1960 660 2052 fecerat,
685 1963 809 2036 hostes
829 1963 1059 2037 velocissime
1079 1959 1332 2060 refugiebant.
1364 1958 1444 2028 lnte·

338 2078 410 2148 rim
438 2087 693 2179 campartem
723 2081 855 2154 nudari
885 2103 1032 2153 necesse
1058 2084 1141 2152 erat
1179 2083 1217 2149 et
1255 2077 1309 2150 ab
1344 2073 1444 2144 latere

339 2199 470 2290 aperto
497 2194 569 2266 tela
596 2197 722 2294 recipi.
773 2197 942 2283 Rursus,
967 2217 1087 2292 quum
1117 2194 1156 2268 in
1183 2215 1274 2266 eum
1300 2189 1442 2270 locum,

339 2309 438 2380 uude
465 2317 571 2382 erant
597 2311 801 2409 progressi,
828 2309 967 2384 reverti
995 2311 1223 2408 coeperant,
1246 2310 1288 2378 et
1316 2300 1443 2384 abiis,

339 2427 403 2522 qui
430 2435 635 2511 cesserant,
663 2433 702 2500 et
728 2427 774 2499 ab
802 2427 865 2515 iis,
892 2427 954 2524 qui
975 2425 1136 2524 proximi
1154 2425 1359 2507 steterant,
1382 2417 1441 2488 cir·

339 2542 702 2626 cumverriebantur3
729 2543 783 2614 sin
811 2549 938 2614 autern
965 2539 1090 2618 locum
1116 2545 1243 2614 tenere
1286 2533 1443 2614 vellent»

337 2681 407 2728 nec
435 2659 565 2730 virtuti
593 2657 696 2729 locos
714 2657 1015 2756 relinquebatur,
1034 2681 1153 2755 neque
1170 2655 1216 2728 ab
1236 2659 1345 2726 tanta
1362 2646 1444 2724 mul·

338 2769 500 2844 titudine
528 2772 698 2844 coniecta
724 2771 799 2846 tela
825 2773 984 2846 conferti
1013 2774 1132 2846 vitare
1158 2774 1347 2870 poterant.
1378 2765 1443 2834 Ta-

337 2911 424 2960 men
451 2893 513 2961 tot
538 2887 786 2964 incommodis
814 2889 1045 2980 conflictati,
1071 2888 1200 2964 multis
1234 2884 1442 2962 vulneribus
1479 2974 1480 2984 ἵ

338 3008 520 3104 acceptis,
547 3007 770 3080 resistebant
794 3014 854 3097 et,
869 3031 1008 3104 magna
1026 3013 1131 3106 parte
1150 3005 1220 3092 diei
1237 3005 1443 3082 consumta,
1479 3013 1480 3020 ’

338 3145 456 3220 qrrurn
484 3149 506 3196 a
533 3125 650 3222 prima
678 3124 762 3198 luce
788 3125 834 3197 ad
862 3125 995 3196 horam
1012 3129 1190 3197 octavam
1208 3125 1442 3221 pugnaretur,

308 3261 318 3276 ¹
336 3239 452 3331 nihil,
469 3239 569 3339 quod
587 3242 674 3341 ipsis
687 3248 782 3316 esset
799 3240 1017 3340 indignum,
1031 3239 1335 3315 committebant.
1356 3239 1443 3308 Tum

296 3400 316 3426 ι,
337 3356 381 3428 Τ.
408 3354 631 3446 Baluentio,
670 3359 732 3454 qui
769 3357 957 3454 superiore
993 3379 1091 3428 anno
1128 3355 1290 3454 primurn
1336 3349 1442 3452 pilum

337 3473 519 3563 duxerat,
537 3473 618 3547 viro
635 3472 723 3547 forti
742 3480 781 3548 et
798 3497 955 3575 magnae
972 3474 1230 3562 auctoritatis,
1249 3477 1442 3565 utrumque

738 3599 757 3630 l

631 379 632 382 ¹
703 387 758 446 DE
794 383 929 444 Baubo
965 387 1089 448 GlLL·

337 3695 426 3738 umen
445 3703 519 3756 spem
537 3683 627 3738 salutis
650 3687 679 3738 in
704 3687 813 3750 virtute,
835 3693 864 3740 in

336 3773 388 3804 nna
405 3767 505 3806 tannim
521 3771 566 3814 re,
584 3771 637 3804 non
656 3753 737 3806 simol
760 3756 788 3806 in
813 3771 864 3805 nu·

337 3839 426 3884 mero,
444 3819 590 3894 ponebant.
620 3821 664 3873 Sic
681 3821 767 3874 locum
786 3821 864 3874 iutel-

336 3887 405 3950 leri,
423 3897 454 3940 ut
471 3890 588 3958 primum
608 3886 675 3958 legi:
700 3891 735 3942 sic
752 3889 805 3942 vidi
824 3909 861 3940 ce·

336 3959 406 4028 pisse
426 3955 622 4026 metaphrasten
638 3957 774 4009 Graecum.
792 3956 863 4010 Alio·

336 4040 397 4074 rum
432 4025 604 4093 interpretum
639 4025 862 4086 emendationes,

335 4089 525 4160 explicationes
560 4099 724 4162 mutatusque
762 4091 862 4142 distin-

334 4158 434 4210 ctiones
452 4157 512 4209 vide
529 4157 599 4227 apud
616 4157 740 4210 Oudend.
764 4159 862 4209 Tenem

335 4229 383 4274 ceri
401 4241 448 4294 pro
465 4228 521 4274 etsi.
546 4224 598 4276 vid.
613 4225 671 4276 lud.
689 4227 727 4276 M.
745 4225 793 4278 Siu
809 4244 862 4278 ma·

336 4289 370 4341 lis
389 4297 413 4344 ei
430 4297 514 4342 nostri
537 4291 632 4342 reterre
654 4291 688 4344 ed
710 4291 860 4344 mernbrum

334 4375 461 4427 sequeus,
480 4357 575 4430 planus
588 4375 693 4432 quoque
705 4377 797 4412 sensus
810 4361 862 4412 erit

338 4433 366 4478 ct
382 4425 465 4494 magis
492 4441 554 4478 cum
582 4425 796 4494 praecedentibus
820 4445 859 4480 eo·

930 3685 1057 3743 haerebit.
1101 3685 1184 3740 Erant
1211 3683 1301 3738 hostes
1328 3696 1441 3736 namuro,

930 3772 985 3806 non
997 3751 1135 3822 aequales,
1153 3751 1200 3804 sed
1215 3769 1294 3824 parce
1302 3747 1440 3822 preparandus

930 3839 961 3876 eo
979 3821 1037 3890 ipso
1061 3819 1115 3872 scil.
1140 3819 1211 3892 quod
1233 3829 1322 3872 essem
1346 3829 1441 3869 numero

930 3890 1092 3958 superiores3
1118 3893 1203 3940 nostra
1226 3901 1311 3939 tamen
1335 3895 1381 3938 etc.
1416 3879 1441 3928 ln

930 3955 988 4012 loco
1010 3957 1047 4007 sic
1069 3953 1256 4023 distinguendo
1283 3951 1441 4006 consentiunt

930 4021 996 4078 boni
1012 4022 1087 4076 codd.
1105 4039 1174 4094 quos
1192 4041 1296 4092 sequor.

959 4101 1133 4160 promererer.
1159 4089 1192 4141 el.
1208 4096 1406 4159 proarch-reme.

962 4175 1019 4208 eom
1032 4171 1145 4228 portem.
1187 4158 1224 4209 sic
1244 4156 1319 4210 codd.
1342 4165 1369 4206 et
1387 4145 1438 4203 edd·

928 4233 979 4277 vet.
998 4225 1044 4277 elii
1062 4243 1091 4276 ea
1102 4235 1187 4294 paru.

958 4297 1101 4361 progressi.
1129 4291 1161 4344 ul.
1190 4295 1291 4362 egressi.

963 4360 1055 4411 borum
1073 4372 1197 4410 waram.
1230 4359 1279 4410 Est
1298 4357 1438 4408 circitare

927 4427 1011 4480 mode
1029 4426 1218 4497 pomeridiano.
1236 4427 1279 4479 Gr.
1299 4443 1327 4487 r,
1345 4425 1383 4474 26.
1406 4415 1436 4468 M.
