3060 5276
389 337 468 400 tus.
504 331 546 401 u.
583 343 675 402 car.
713 311 889 434 41-43.

1107 321 1202 446 473

82 533 197 608 citur.
250 531 408 632 Equites
442 545 616 640 perpauci
657 569 703 618 ex
736 545 876 644 proelio
912 572 951 620 se
982 535 1201 651 recipiunts

83 652 151 724 sed
176 650 228 736 ii,
270 675 364 750 quos
392 655 440 728 ad
471 661 718 733 novissimum
744 687 878 761 agmen
905 689 1089 762 equorum
1115 670 1203 744 refi-

13 821 18 856 ,
84 767 306 842 ciendorum
346 795 476 844 caussa
523 775 729 850 substitisse
770 781 1067 856 demonstratum
1114 793 1206 880 est,

82 885 175 984 luga
221 889 339 960 totius
384 891 570 964 exercitus
611 892 740 990 procul
794 895 1083 984 animadversa,
1127 927 1205 975 sese

70 1001 294 1076 'incolumes
334 1005 372 1077 iu
414 997 538 1079 castra
573 1009 784 1082 conferunt.
836 1006 975 1085 Milites
1013 1014 1061 1088 ad
1086 1039 1204 1092 unum

83 1139 216 1188 omnes
243 1117 530 1194 interficiuntur.

12 1319 14 1322 Ι
135 1227 199 1326 43.
224 1233 292 1306 His
319 1235 429 1308 rebus
461 1237 647 1337 cognitis,
676 1239 728 1312 M.
760 1239 879 1314 Rufus
910 1243 1125 1335 Quaestor,
1159 1247 1200 1320 in

81 1350 220 1422 castris
251 1347 406 1424 relictus
446 1375 468 1424 a
501 1351 689 1444 Curione,
734 1357 958 1428 cohortatur
998 1381 1085 1430 euos
1103 1412 1126 1450 ,.
1151 1387 1199 1434 ne

82 1465 212 1537 animo
244 1465 430 1541 deficiant.
483 1467 541 1540 Illi
569 1475 679 1544 orant
704 1479 818 1564 atque
845 1452 1069 1563 obsecrent,
1102 1479 1202 1551 utin
1292 1513 1295 1522 ·

82 1581 254 1655 Siciliam
281 1581 438 1654 navibus
464 1589 716 1682 reportentur.
750 1583 975 1676 Pollicetur,
998 1593 1205 1690 magistris·

82 1721 158 1794 que
184 1697 344 1796 imperat
369 1699 548 1789 navium,
572 1708 618 1774 ut
643 1704 765 1800 primo
791 1727 943 1804 vespere
970 1724 1099 1782 omnes
1124 1736 1205 1784 sca·

83 1816 179 1914 pbas
213 1813 261 1888 ad
302 1814 392 1888 litus
424 1813 596 1915 adpulsas
632 1815 808 1892 habeant.
859 1821 931 1894 Sed
963 1829 1092 1897 tantus
1127 1826 1202 1903 luit

83 1933 259 2006 omnium
285 1937 433 2023 terror,
466 1941 510 2006 ut
544 1931 604 2006 alii
637 1931 763 2008 adesse
796 1935 922 2036 copias
953 1939 1065 2013 lubae
1100 1939 1199 2017 dicea

83 2053 201 2138 rent,
227 2045 290 2120 alii
321 2073 421 2146 cum·
445 2045 654 2147 legionibus
682 2050 824 2132 ,instare
855 2051 1019 2140 Varum,
1054 2053 1204 2152 iamque

84 2185 126 2234 se
155 2160 348 2260 pulverem
390 2163 621 2235 venientium
655 2184 839 2248 cernere;
883 2187 1041 2260 quarum
1077 2190 1205 2241 rerum

84 2276 359 2350 nihilomnino
386 2276 605 2364 acciderat;
643 2275 702 2350 alii
737 2275 892 2350 classem
919 2277 1083 2351 bostium
1109 2279 1205 2352 cele⁴

83 2391 182 2490 riter
214 2389 475 2465 advolaturam
504 2392 791 2492 suspicarentur.
826 2392 977 2490 ltaque,
998 2395 1204 2491 perterritis

87 2507 288 2596 omnibus,
324 2507 393 2580 sibi
437 2511 592 2605 quisque
625 2507 855 2582 consulebat.
907 2504 982 2600 Qui
1012 2510 1050 2582 iu
1086 2509 1202 2608 clas-se

86 2629 197 2698 crant
212 2662 238 2713 ,·
256 2623 439 2722 proticisci
470 2625 737 2724 properabant:
767 2625 903 2697 borum
931 2623 1019 2727 luga
1038 2628 1203 2700 ,navium

88 2739 348 2812 onerariarum
382 2739 580 2838 magistros
613 2739 826 2812 incitabat:
866 2735 977 2838 pauci
1010 2737 1202 2814 lenunculi

87 2969 126 3022 ed
150 2967 244 3024 lubarn
273 2967 405 3086 perquum
421 2976 469 3022 est.
498 2969 614 3040 Appiau.

91 3057 107 3092 2
168 3041 190 3086 5.
229 3074 235 3086 .
273 3039 312 3086 56.
366 3073 373 3085 .

120 3045 270 3154 bedstitlbsd
278 3105 419 3154 demonstr.
439 3113 484 3153 est.
508 3119 565 3172 cap.
583 3100 616 3172 39

88 3181 158 3223 extr.
204 3169 259 3222 lloe
275 3168 333 3222 loco
351 3177 523 3240 comparato,
539 3169 617 3239 quili-

89 3236 138 3290 het
158 3237 302 3306 intelliget,
326 3237 361 3288 nd
383 3241 544 3288 novissimma
569 3255 616 3307 ag-

86 3323 148 3357 men
167 3321 220 3356 esse
239 3305 370 3366 omuino,
397 3313 499 3368 atomo
517 3307 615 3356 exerci-

89 3381 154 3432 tus,
171 3375 199 3422 lu
218 3369 307 3424 hostes
322 3369 516 3424 contendentis.
551 3371 617 3450 Ergo

91 3441 203 3491 fortasse
221 3439 277 3492 siue
294 3457 385 3492 caussa
404 3438 568 3491 Marciandus
589 3453 617 3490 ru

90 3505 223 3576 Explicat.
238 3513 302 3557 vett.
321 3515 402 3560 auctt.
429 3523 454 3576 p.
473 3509 521 3573 269
547 3503 618 3558 dilli-

90 3573 220 3628 cultatem
237 3574 265 3624 iu
283 3589 314 3624 eo
333 3575 452 3643 quaerit,
482 3571 553 3644 quod
579 3565 617 3624 ibt

89 3635 212 3758 nibilbqe
230 3641 333 3710 agmine
351 3641 494 3692 novissimo
515 3639 619 3692 dictum

89 3715 143 3760 est.
198 3744 204 3758 .

121 3775 187 3843 firgo
204 3779 282 3825 toritas
305 3779 430 3826 eaeraiten
444 3773 535 3842 procul
557 3777 617 3825 ani-

90 3843 180 3892 madv.
201 3839 273 3894 Idem
291 3841 336 3894 ille
355 3840 520 3894 Marcianrlus
536 3839 616 3902 dicit,

90 3908 189 3962 lblmm
200 3928 254 3960 csse
267 3909 317 3960 boc
330 3905 363 3962 de
377 3910 433 3978 luga
449 3907 531 3961 totius
546 3926 617 3960 excr-

89 3979 184 4034 citus,
213 3977 346 4046 quianon
364 3993 455 4028 omnes
474 3975 619 4043 sugerunt,

90 4053 127 4094 ut
164 4041 259 4094 Caesar
288 4045 344 4114 ipse
380 4041 469 4096 dixit:
506 4039 619 4110 vultque

90 4111 159 4163 adeo
181 4111 219 4162 sic
235 4109 297 4178 legi:
324 4112 370 4162 sed
394 4114 461 4160 12¹-—
479 4137 511 4147 -
528 4109 618 4180 juga,

92 4181 174 4230 totius
200 4183 324 4236 exereitus
356 4177 468 4247 periculo
499 4177 617 4227 animad-

89 4261 188 4305 verso‚
206 4261 258 4295 sese
275 4271 308 4282 -
325 4253 466 4316 conpetunt.
501 4244 562 4299 Nou
580 4261 619 4294 rs·

90 4326 197 4382 pugnos
229 4327 312 4382 neque
333 4321 421 4364 tamen
444 4309 619 4364 necessarium

91 4387 181 4450 putq,
199 4377 277 4430 rerba
293 4389 428 4450 tantoperc
441 4397 536 4450 urgere.
550 4375 619 4430 Cum

196 4471 350 4555 CAESAR.
378 4473 572 4552 Coronant.
603 4473 710 4548 Tum.
737 4475 765 4549 l.

682 2967 754 3022 enirn
771 2971 877 3038 cogito,
906 2968 1048 3022 exercitum
1067 2966 1204 3029 Curionis.

682 3035 862 3106 undequaque
884 3038 1000 3091 cinctum
1021 3044 1048 3087 et
1065 3036 1206 3104 desperan-

683 3113 758 3167 tem,
776 3103 863 3155 bullus
880 3101 985 3156 ordines
1005 3119 1118 3155 servasse
1162 3109 1206 3154 at·

681 3181 734 3242 ‘que
751 3167 816 3224 adeo
834 3175 944 3223 victum
961 3142 1159 3240 pemquihntls
1178 3175 1207 3220 et

682 3243 783 3299 victos,
811 3241 908 3308 partim
927 3237 1077 3303 fugientes,
1107 3238 1206 3306 partim

683 3303 903 3377 procumbentes,
922 3307 1019 3354 mixtos
1037 3303 1116 3354 scrisse
1133 3303 1205 3353 iuvi·

684 3391 761 3426 cem:
786 3389 875 3422 nonne
904 3369 953 3422 boc
975 3371 1066 3440 procul
1087 3367 1207 3422 animad-

683 3435 849 3492 vertentibus
867 3437 1015 3508 praebuerit
1031 3437 1145 3506 speciem
1166 3445 1206 3486 to-

684 3507 736 3558 tins
754 3505 880 3558 exercitus
900 3505 1037 3572 fugientis,
1064 3521 1150 3572 neque
1167 3521 1206 3554 re·

684 3567 825 3626 sistentis?
856 3589 963 3636 noune,
995 3571 1041 3622 ubi
1069 3589 1148 3622 nemo
1167 3589 1207 3624 re·

684 3641 774 3706 sistit,
803 3647 874 3692 totus
891 3640 1020 3690 exercitus
1039 3638 1111 3689 lusus
1134 3637 1206 3706 suge-

684 3718 781 3779 tusque
803 3705 855 3760 dici
880 3704 1002 3776 poterit?
1023 3705 1083 3756 Non
1103 3705 1206 3775 quaeri-

684 3783 729 3826 tur
745 3773 779 3826 ad
797 3777 933 3846 ἄκριίειιαν,
961 3791 994 3824 en
1013 3789 1104 3824 omnes
1121 3771 1207 3823 omni·

684 3831 867 3910 aufugerint,
886 3840 932 3893 sed
950 3840 1014 3910 qnid
1033 3837 1123 3910 procul
1135 3847 1207 3891 stau·

685 3911 754 3960 tium
772 3911 853 3962 oculis
870 3907 990 3960 oblatum
1006 3907 1050 3959 sit.
1068 3909 1105 3956 M.

719 3989 889 4044 reportentur.
902 3975 957 4027 Alii
970 3977 1144 4044 deportentur.
1161 3973 1208 4025 rni-

685 4061 736 4096 nns
748 4047 821 4096 bene.
836 4045 967 4094 Venerunt
979 4043 1042 4112 quip
1084 4039 1206 4092 esicilin.

721 4115 884 4162 sternentium.
918 4111 963 4164 Sic
990 4109 1032 4162 Ou
1053 4145 1059 4157 .
1087 4125 1101 4158 e
1129 4105 1207 4160 codd.

666 4185 669 4192 “
685 4177 770 4247 Vulgo
787 4185 923 4230 venientem
941 4174 982 4233 ,vel
999 4179 1148 4225 venientum.

718 4245 852 4296 leaerunmlr.
875 4243 980 4295 Nonius
996 4239 1137 4294 Marcellus
1156 4239 1206 4300 13,

686 4315 721 4366 8:
750 4313 914 4370 lenurwulus,
945 4315 1071 4388 reavigjum
1093 4323 1207 4378 precatu·

685 4383 771 4431 rinae:
794 4381 839 4452 qui
856 4397 888 4433 ex
904 4376 1026 4432 Sallustii
1042 4378 1110 4430 unt.
1128 4391 1145 4427 n
1161 4374 1207 4429 ed·

939 4473 1055 4550 Ouo
