3000 5268
314 376 403 478 142
672 389 728 452 m:
763 391 896 452 nunno
931 389 1051 452 canu.

304 598 523 682 consuerat,
541 593 688 692 Legatis
708 594 885 691 impe-at,
904 616 996 692 quos
1013 591 1222 693 legionibus
1236 597 1424 693 praefece-
1496 677 1497 686 .

303 717 383 796 rat,
405 709 479 798 uli,
506 707 798 806 quamplurimas
816 714 990 806 possent,
1017 705 1137 780 bieme
1162 731 1276 780 naves
1293 697 1425 786 aedili-
1496 757 1497 798 i

304 821 441 894 candos
452 826 669 918 veteresque
684 819 899 894 reficiendas
910 827 1097 894 curarent.
1109 821 1251 894 Earum
1266 824 1426 898 modum
1496 905 1497 908 Ἴ

302 933 539 1032 formamque
558 926 800 1007 demonstrat.
828 935 885 1008 Ad
900 933 1132 1007 celeritatem
1147 935 1324 1006 onerandi
1339 938 1426 1008 sub

305 1047 574 1147 ductionesque
602 1048 726 1146 paullo
753 1049 843 1120 facit
870 1047 1109 1131 lrumiliores,
1147 1072 1259 1144 quam
1287 1051 1428 1144 quibus
1496 1087 1497 1100 κ

303 1165 342 1238 in
370 1171 498 1236 nostro
524 1166 618 1238 mari
647 1166 700 1237 uti
729 1165 1010 1250 consuevimus;
1030 1169 1142 1260 atque
1161 1162 1198 1234 id
1219 1187 1265 1234 eo
1283 1166 1426 1264 magis,
1496 1205 1497 1266 p

303 1277 406 1378 quod
428 1285 579 1377 propter
597 1278 744 1350 crebras
771 1279 1086 1352 commutationes
1106 1282 1279 1350 aestuum
1295 1273 1425 1352 minus

198 1483 200 1486 Ι
303 1417 461 1494 magnos
487 1395 535 1466 ibi
562 1391 700 1467 fluctus
721 1393 798 1466 lieri
827 1399 1081 1493 cognoverat,
1110 1392 1156 1466 ad
1182 1415 1295 1464 onera
1317 1399 1357 1464 et
1378 1393 1425 1466 ad
1496 1453 1497 1466 ,

303 1510 586 1584 multitudinem
604 1511 858 1582 iumentorum
874 1509 1201 1608 transportandam
1227 1507 1353 1606 paullo
1374 1510 1426 1582 la·
1496 1543 1497 1570 l

301 1625 439 1715 tiores,
465 1649 579 1723 quam
597 1625 731 1722 quibus
747 1625 785 1696 in
805 1622 956 1721 reliquis
977 1623 1119 1698 utimur
1136 1621 1311 1694 maribus.
1345 1623 1424 1695 Has

302 1762 432 1809 omnes
452 1741 636 1812 actuarias
654 1739 815 1838 imperat
833 1737 932 1828 fieri,
952 1759 1064 1835 quam
1093 1736 1137 1808 ad
1157 1759 1235 1807 rem
1255 1734 1422 1810 multum

303 1853 496 1926 humilitas
516 1853 680 1926 adiuvat.
707 1854 781 1944 Ea,
803 1878 897 1954 quae
926 1859 1013 1934 sunt
1041 1853 1121 1926 usui
1150 1851 1196 1930 ad
1224 1855 1424 1927 armandas

242 2049 244 2056 ,
302 1993 437 2059 naves,
464 1995 511 2044 ex
537 1971 713 2070 Hispania
741 1969 928 2070 adportari
956 1972 1072 2044 iubet.
1098 1971 1200 2069 lpse,
1226 1975 1424 2046 conventi·

301 2085 373 2157 bus
401 2084 542 2158 Galliae
569 2085 752 2158 citerioris
779 2087 961 2183 peractis,
987 2087 1024 2157 in
1051 2083 1240 2179 Illyricum
1268 2085 1424 2182 prolici-

302 2205 444 2294 scitur,
469 2199 568 2300 quod
587 2229 607 2274 a
625 2203 782 2274 Pirustis
801 2200 997 2272 finitimam
1022 2205 1167 2298 partem
1198 2201 1422 2274 Provinciae
1496 2287 1497 2310 Χ

302 2320 575 2395 incursionibus
603 2317 742 2391 vastari
770 2316 956 2389 audiebat.
1000 2317 1056 2388 Eo
1087 2339 1205 2420 quum
1237 2319 1424 2410 venisset,
1496 2331 1497 2350 l

186 2503 193 2526 p
304 2437 522 2511 civitatibus
550 2433 685 2506 milites
701 2434 870 2530 imperat,
892 2435 1111 2526 certumque
1132 2428 1310 2502 inlocum
1329 2457 1423 2503 con-

304 2554 431 2626 venire
458 2551 575 2624 iubet.
603 2551 685 2642 Qua
714 2571 753 2619 re
782 2547 980 2632 nunciata,
1007 2548 1176 2619 Pirustae
1202 2544 1346 2644 legatbs
1374 2549 1422 2622 ad

305 2693 391 2741 eum
418 2669 596 2752 mittunt,
623 2664 685 2758 qui
715 2662 894 2752 doceant,
922 2659 1011 2736 nihil
1038 2687 1166 2734 earum
1196 2687 1325 2740 rerum
1355 2691 1423 2764 pu·
1496 2737 1497 2740 ,

304 2781 403 2855 blico
431 2781 574 2852 lactum
601 2775 774 2865 consilio,
801 2800 951 2872 seseque
979 2783 1126 2876 paratos
1153 2799 1230 2849 esse
1258 2777 1424 2851 demon·
1496 2841 1497 2846 ,

305 2902 452 2984 strant,
486 2892 659 2966 omnibus
693 2891 898 2963 rationibus
934 2892 978 2964 de
1017 2894 1159 2965 iniuriis
1193 2895 1423 2974 satisfacere.
1496 2943 1497 2984 i

306 3013 474 3110 Accepta
500 3007 666 3088 oratione
685 3029 835 3103 eorum²
852 3007 987 3080 Caesar
1004 3007 1148 3086 obsides
1165 3011 1326 3110 imperat
1344 3036 1422 3086 eos·
1496 3029 1497 3084 7

338 3293 482 3336 connum.
495 3279 529 3332 el.
541 3283 701 3338 mariaeerat,
714 3287 745 3330 ut
755 3281 779 3338 6,
789 3285 829 3342 44.
930 3277 1421 3354 extirpamlllirillcumpmvennrm
1496 3279 1497 3326 l

338 3351 522 3404 subdncdoaas.
556 3343 623 3400 Non'
635 3347 776 3417 spreverim
793 3345 831 3396 le·
896 3347 980 3464 agrarii
997 3347 1026 3396 ln
1045 3347 1172 3418 Hispania
1190 3367 1260 3410 esse,
1288 3349 1421 3406 docebunt
1496 3399 1497 3406 ,

305 3419 420 3472 ctionem
439 3415 531 3472 aliam,
557 3415 787 3480 subductionisque,
815 3432 829 3464 a
920 3411 991 3464 traho
1010 3411 1034 3463 3.
1053 3433 1079 3484 p.
1101 3419 1154 3466 160.
1183 3415 1254 3467 Plin.
1269 3415 1302 3468 H.
1319 3416 1354 3469 N.
1376 3435 1420 3486 ις,
1496 3421 1497 3438 ’

304 3485 443 3540 Ciaoconlo
460 3483 610 3535 indicatam.
627 3482 670 3533 M.
683 3479 831 3531 Sadducae-
897 3495 912 3530 2
930 3484 976 3542 (7).
997 3479 1085 3531 Davr‘r.

305 3573 349 3606 aas
368 3560 432 3604 sunt
450 3551 589 3607 tractiouss
606 3567 619 3601 e
638 3548 702 3602 mari
727 3547 755 3597 iu
780 3555 830 3600 ter·
930 3551 957 3596 iu
975 3548 1118 3618 Illyricum.
1144 3549 1247 3620 Nempe
1265 3549 1360 3602 Caesar
1378 3570 1422 3604 ac-

305 3639 370 3674 ram.
389 3619 432 3670 Cl'.
451 3636 473 3670 c.
497 3634 534 3667 rr.
895 3617 1169 3736 ceperatlprorinciam
1180 3615 1295 3670 Galliam
1304 3618 1421 3688 Cisalpi-

338 3694 366 3740 in
383 3697 473 3738 nostro
490 3689 573 3742 πιανέ,
591 3685 609 3736 i.
627 3703 651 3738 e.
677 3681 830 3736 meditem·
896 3699 975 3742 nam,
1016 3681 1099 3752 lyrico
1117 3683 1236 3736 adiecto:
1266 3703 1291 3736 v.
1308 3688 1419 3738 averna.

305 3774 364 3808 neo.
383 3751 443 3806 Vid.
462 3751 532 3805 Mela
553 3768 581 3809 r,
602 3768 623 3801 r.
642 3753 684 3803 M.
702 3760 730 3802 et
752 3766 781 3808 2,
808 3766 828 3800 r.
896 3747 946 3800 lul.
970 3767 992 3800 c.
1019 3765 1059 3802 22.
1108 3751 1223 3804 Pirustas
1248 3771 1303 3804 osse
1321 3751 1420 3820 lllyrici

304 3821 533 3890 praepositionem
550 3821 578 3868 in
594 3817 696 3872 addunt
708 3816 784 3870 codd.
803 3823 830 3867 et
895 3825 1014 3933 pentem,
1050 3835 1140 3870 versus
1168 3817 1351 3872 Macedoniam
1375 3819 1421 3872 ba-

304 3889 364 3942 edd.
382 3895 432 3938 vet.
917 3892 1045 3945 rtantem,
1062 3883 1137 3937 docet
1154 3885 1320 3938 Ptolemaeus
1334 3903 1363 3948 a,
1382 3905 1420 3950 ¹7·

278 3989 282 3995 -
339 3961 367 4005 in
383 3955 430 4005 ret.
458 3957 553 4006 utimur
581 3953 703 4003 maribus.
730 3951 776 4002 alii
802 3955 829 4002 in
895 3951 937 4000 M.
956 3960 983 4000 et
1001 3957 1115 4020 nepoieze
1133 3961 1215 4006 vocat·
1234 3951 1332 4006 Strabo
1357 3953 1375 4004 l.
1395 3971 1419 4016 7.

305 4022 360 4074 alio
376 4023 445 4071 morl
461 4025 498 4071 uli
513 4019 689 4072 adnumerant.
716 4017 762 4072 esd
788 4017 829 4072 al·
896 4033 923 4087 p·
942 4015 998 4084 314·
1018 4025 1155 4089 llapoisrae
1173 4019 1242 4072 etad
1253 4021 1421 4073 Pannoniam

305 4097 386 4140 teram
404 4086 543 4139 lectionem
561 4085 626 4137 daut
643 4085 707 4137 boni
715 4083 791 4138 codd.
802 4094 829 4137 et
896 4086 983 4136 rcl'ert.

305 4153 365 4207 cdd.
384 4161 435 4206 vet.
454 4163 481 4206 et
497 4153 585 4206 firmat
601 4151 749 4206 Priscianus
768 4155 785 4206 l.
803 4169 827 4218 7.
928 4151 1035 4202 doceant
1057 4181 1091 4193 -
1113 4153 1300 4217 demonstrem.
1344 4153 1420 4207 Con-

306 4241 331 4292 p.
351 4237 408 4285 770,
895 4229 968 4272 sueta
992 4229 1082 4272 nocuo
1107 4220 1200 4282 modi,
1224 4231 1255 4272 ut
1273 4224 1419 4291 temporis,

338 4291 475 4340 actuarias.
510 4285 584 4356 Quae
609 4285 673 4340 velis
697 4285 777 4338 simul
802 4293 829 4338 et
895 4288 1021 4346 variatio,
1047 4283 1078 4339 'ut
1100 4306 1162 4339 mox
1179 4307 1202 4340 c.
1222 4303 1244 4336 2.
1263 4289 1370 4358 reliquit
1387 4319 1420 4329 -

304 4357 382 4409 romis
399 4353 552 4418 agebantur.
572 4354 635 4406 Isid.
654 4355 730 4425 Hisp.
753 4370 826 4420 19,r.
892 4353 1066 4426 pmficisritur
1088 4373 1111 4407 c.
1133 4373 1159 4404 rr
1179 4355 1274 4424 delegit
1292 4384 1324 4394 -
1341 4357 1417 4406 iubet.

305 4433 332 4478 sl
349 4419 771 4494 mafferuemdmmp.
787 4423 828 4474 81.
916 4425 1038 4492 ¹Accepta
1067 4427 1195 4475 oratione.
1221 4421 1265 4476 Al
1289 4438 1419 4493 percepta.
