3068 5260
365 344 444 406 nn.
479 337 506 405 1.
539 341 632 404 cnr.
668 335 843 438 27-29.
1095 301 1149 396 31

41 549 116 626 bus
133 551 350 652 imperavit,
365 555 410 624 ut
429 551 472 623 iis
493 548 671 622 frumenti
688 547 834 645 copiam
851 543 1016 616 facerent
1033 568 1041 612 :
1057 540 1156 638 ipsos

42 670 182 770 oppida
199 670 398 767 vicosque,
416 689 510 764 quos
530 662 793 750 incenderant,
813 661 1007 733 restituere
1033 659 1153 730 iussit.

43 787 87 860 Id
109 802 157 860 ea·
172 787 333 859 maxime
351 783 495 858 ratione
511 781 619 868 iecit,
637 775 738 875 quod
763 775 883 868 noluit
907 799 993 848 eum
1010 775 1158 863 locum,

42 901 145 974 unde
164 899 326 974 Helvetii
352 898 616 982 discesserant,
634 915 789 976 vacare;
810 889 855 962 ne
877 895 1028 988 propter
1046 889 1156 960 boni-

42 1019 165 1088 tatem
179 1035 355 1111 agrorum
370 1009 567 1098 Germani,
581 1009 644 1104 qui
661 1013 764 1079 trans
777 1004 950 1078 Rhenum
965 1001 1158 1092 incolunt,

44 1129 160 1198 esuis
178 1127 311 1198 finibus
328 1126 366 1197 in
386 1110 649 1196 Helvetiorum
672 1119 763 1191 fines
788 1118 990 1190 transirent
1014 1122 1053 1190 et
1071 1115 1157 1187 lini-

43 1240 130 1312 timi
155 1237 296 1312 Galliae
315 1238 526 1336 provinciae
546 1233 882 1332 Allobrogibusque
905 1237 1039 1304 essent.
1085 1229 1157 1300 Bo-

42 1351 125 1442 ios,
150 1351 362 1448 petentibus
387 1350 550 1437 Aeduis,
575 1347 675 1446 quod
702 1347 850 1446 egregia
877 1345 1019 1418 virtute
1046 1348 1157 1416 erant

45 1465 208 1564 cogniti,
225 1471 269 1536 ut
287 1465 322 1535 in
341 1464 474 1537 linibus
493 1464 567 1536 suis
586 1461 849 1550 conlocarent,
862 1459 1066 1534 concessit:
1082 1457 1158 1554 qni⁴

44 1575 116 1649 bus
146 1575 198 1650 illi
229 1601 337 1676 agros
363 1577 572 1667 dederunt,
603 1599 770 1674 quosque
800 1580 930 1672 postea
961 1575 1000 1644 in
1032 1590 1160 1670 parem

45 1693 137 1764 iuris
162 1690 419 1790 libertatisque
442 1691 720 1782 conditionem,
736 1695 848 1788 atque
867 1689 935 1789 ipsi
953 1694 1085 1778 erant,
1103 1710 1160 1760 re·

46 1811 239 1904 ceperunt.
1135 1865 1140 1886 Ι

98 1946 161 2019 29.
188 1923 230 1993 ln
249 1921 381 1994 castris
398 1919 660 1995 Helvetiorum
684 1917 834 1995 tabulae
856 1923 1025 2020 repertae
1043 1926 1158 2012 sunt,

81 2157 314 2214 neander-annet.
339 2179 361 2214 c.
383 2163 406 2212 5.
427 2159 471 2214 Μ.

82 2231 165 2280 ld-
190 2229 263 2297 fecit.
289 2229 397 2300 Repetit
425 2238 451 2280 et
481 2225 574 2282 laudat

48 2290 231 2348 Plutarchum
248 2296 320 2348 Caes.
340 2315 363 2350 c.
384 2299 413 2348 18
432 2296 474 2348 M.

81 2383 94 2414 c
147 2367 186 2414 iti.
212 2363 326 2432 Scaliger
356 2364 454 2414 omisit.
474 2361 573 2414 liabent

50 2431 126 2482 t0d‹.
146 2439 173 2482 et
192 2429 251 2482 edd.
264 2439 315 2481 vet.
335 2431 465 2482 Restituit
481 2429 571 2480 Davis.

83 2503 110 2548 in
127 2515 218 2566 parem
239 2505 289 2548 etc.
300 2497 383 2549 Codd.
396 2497 459 2549 varii
475 2507 502 2548 et
512 2489 572 2550 edri.

49 2573 100 2614 vet.
128 2569 156 2614 in
182 2577 283 2634 partem
311 2569 374 2614 iaris
398 2563 574 2634 ubertatisque

639 2179 697 2223 ses,
718 2157 821 2213 colonia
840 2159 935 2215 Graeca
961 2159 1080 2224 (Strabo
1094 2169 1119 2226 4.
1132 2179 1160 2232 p.

643 2245 698 2295 ¹79·
723 2229 818 2279 lustin.
841 2227 893 2292 43,
919 2231 969 2293 a),
993 2229 1072 2298 paulo
1098 2239 1161 2280 ante

639 2293 778 2348 Strabonis
808 2303 919 2346 aetatem
949 2305 1052 2346 tanturn
1079 2295 1161 2348 Grae-

639 2379 731 2414 corum
750 2381 866 2413 amorem
886 2361 1034 2414 iniecerunt
1056 2361 1161 2421 Gallis,

641 2433 697 2485 ὣστι
714 2435 754 2483 nal
771 2433 900 2498 συμβὲλαια
919 2415 1050 2490 'Elleaeerl
1062 2432 1165 2499 paripate·

640 2499 670 2548 b'i
699 2495 770 2550 Galli
798 2515 829 2549 eo
855 2515 938 2566 usque
970 2497 1069 2548 imitati
1099 2505 1165 2548 siant

641 2564 774 2624 Graecos,
795 2573 826 2615 nt
846 2565 912 2616 adeo
933 2565 1006 2628 (ders
1026 2573 1084 2628 ani)
1113 2564 1167 2614 l'or-

49 2632 195 2682 eonditione
212 2631 287 2694 (scil.
304 2635 353 2696 en)
371 2644 447 2702 atque
464 2640 514 2682 etc.

84 2699 202 2755 rabulae,
219 2700 302 2748 licens
315 2699 421 2750 Graecis
433 2701 573 2768 conjectae.

50 2766 139 2817 Etiam
150 2765 204 2816 alio
219 2763 572 2818 horumcomulentnriorum

50 2831 109 2885 loco
127 2835 159 2891 6,
180 2841 218 2896 ¹4·
234 2831 329 2884 Caesar
346 2831 442 2894 tradit,
460 2832 574 2885 llruidas

51 2899 79 2950 in
105 2899 207 2960 rebus,
227 2917 294 2970 quae
321 2917 374 2951 nou
395 2897 429 2951 ad
456 2899 574 2969 ipsorum

52 2965 222 3036 disciplinam
280 2966 411 3028 rtiueant,
430 2964 458 3016 h.
481 2985 504 3018 e.
522 2969 576 3038 pri·

50 3035 119 3085 ratis
149 3051 181 3084 ac
211 3051 247 3103 pu
269 3033 326 3086 licis
354 3033 521 3095 rationibus,
543 3034 576 3086 li·

53 3109 114 3152 rens
141 3099 249 3154 Graecis
282 3103 320 3151 nti
348 3100 439 3152 solere¹
474 3101 575 3154 Literas

51 3169 164 3220 Graecas
195 3166 237 3218 hic
271 3185 418 3219 sermonem
445 3167 577 3222 Graecum

51 3237 220 3304 interpreter.
236 3234 306 3287 llaec
319 3236 376 3304 ipsa
389 3235 468 3286 refert
480 3233 577 3288 Strabo

50 3313 75 3366 4.
96 3321 123 3372 p.
155 3306 219 3353 181:
239 3319 302 3352 nam
321 3301 399 3372 patilo
421 3313 482 3352 ante
502 3313 577 3355 stiam

50 3377 166 3420 aetatem
191 3369 220 3418 in
240 3367 324 3420 Gallia
349 3369 415 3421 dicit
435 3369 577 3422 involuisse

50 3452 170 3496 rnorem,
182 3435 307 3488 formulas
320 3444 475 3506 pacianum,
490 3455 578 3488 rerum

50 3511 268 3561 contractarum,
301 3503 445 3573 mutuique
481 3505 578 3568 negotii

50 3571 151 3622 Graece
163 3567 309 3621 scribendi:
324 3573 354 3625 rai
366 3577 495 3638 συμβέλαια
515 3571 578 3634 lila-

51 3645 114 3691 arrre'
126 3639 245 3706 ppeipsvsr·
259 3635 293 3687 Et
304 3635 330 3688 lr.
344 3637 360 3688 l.
373 3644 486 3699 ilienses*
498 3639 577 3690 inter-

50 3715 154 3774 pretor,
164 3703 254 3787 linqua
266 3707 374 3754 Graeca.
387 3707 454 3756 Cum
467 3717 525 3774 ergb
534 3706 577 3760 hic

50 3791 107 3822 rnos
125 3773 181 3822 iam
194 3771 311 3822 usseris
328 3781 412 3823 aetate
425 3773 536 3838 viguerit
549 3773 576 3825 in

50 3837 151 3898 Gallia,
167 3837 295 3888 constitui
311 3848 409 3908 potest,
422 3839 487 3890 illnrl
498 3839 577 3908 putato

50 3903 576 3976 anreStrabonis‘aerutemsicospiendnm

50 3990 119 4032 esse,
133 3972 290 4022 atiamente
299 3972 417 4025 Caesaris
427 3973 576 4026 inGalliam

50 4039 197 4090 salientum
216 4047 363 4091 statuamus
383 4039 454 4092 bunc
476 4053 576 4092 morem

50 4105 87 4158 ibi
105 4101 299 4157 introductum.
319 4106 429 4159 llaecde
443 4117 494 4158 tern
515 4129 575 4169 ore,

51 4173 123 4242 quod
141 4189 191 4223 uos
209 4171 317 4242 quidem
337 4174 458 4226 sciamus.
509 4175 576 4228 odos

52 4251 159 4300 auum,
175 4257 229 4310 quo
241 4239 329 4292 literae
346 4242 459 4294 Graecae
473 4241 576 4295 inGal-

52 4305 113 4356 liam
147 4307 306 4375 importatae
327 4318 408 4370 sunt,
428 4307 462 4360 alr
484 4310 577 4361 eodem

52 4372 182 4426 Strabone
201 4372 327 4428 undatur:
346 4393 409 4428 nara
428 4375 577 4432 Massilien-

641 2629 725 2684 mulas
737 2631 888 2684 istiusmodi
900 2632 997 2685 Graece
1010 2629 1166 2692 scriberent,

640 2715 695 2750 non
727 2699 756 2749 in
788 2719 841 2750 uuo
868 2697 917 2750 hoc
940 2715 1032 2768 genere
1056 2699 1167 2750 luerunt

640 2763 821 2824 llclleuistae,
852 2766 899 2818 sed
928 2785 991 2818 cum
1025 2767 1053 2817 in
1081 2765 1165 2826 aliis,

641 2841 701 2885 turn
716 2833 745 2884 in
759 2833 807 2886 lroc
824 2833 1000 2884 nominatim:
1020 2842 1048 2885 et
1067 2833 1166 2884 mirum

641 2909 701 2958 est,
720 2917 836 2951 amorem
860 2899 937 2952 illurn
958 2919 987 2952 us
1009 2919 1041 2951 ue
1058 2918 1089 2950 eo
1106 2919 1167 2970 pro·

641 2967 766 3029 cessisse,
797 2976 827 3018 ut
857 2969 885 3018 in
912 2967 952 3020 leis
980 2986 1046 3018 seo
1063 2961 1167 3045 aliquid

642 3035 824 3094 innovarent,
855 3036 883 3086 in
917 3033 1015 3105 quibus
1045 3033 1166 3084 lronrrues

643 3101 720 3168 vulgo
735 3102 894 3154 tenacissimi
906 3111 969 3154 erint
982 3103 1061 3152 moris
1096 3101 1166 3152 atrii·

643 3169 710 3247 Ergo
718 3189 765 3238 per
773 3167 948 3220 Massilienses
957 3171 1057 3220 occasio
1070 3120 1166 3220 Graece

643 3235 776 3288 scribendi
793 3235 877 3287 Gallis
897 3235 984 3286 oblata
998 3245 1046 3287 est.
1063 3235 1167 3304 Quodsi

644 3304 761 3354 Caesaris
782 3311 899 3372 ternpore
913 3302 1027 3354 Druidae
1044 3311 1167 3364 tantum,

645 3379 692 3420 ant
708 3371 894 3440 potissimum,
914 3387 991 3422 usum
1008 3369 1168 3422 Graecarum

646 3437 779 3490 literarum
796 3435 960 3496 habueruotr
980 3439 1026 3500 (iu
1047 3427 1166 3488 barbaris

645 3506 717 3555 enim
730 3503 852 3573 gentibus
873 3505 935 3556 talia
951 3522 1006 3555 non
1023 3501 1109 3554 solent
1124 3519 1168 3554 ce⁴

644 3569 733 3622 leriter
752 3580 778 3622 et
790 3571 860 3641 apud
874 3589 964 3622 omues
978 3569 1167 3630 invalescere,)

644 3657 729 3708 neque
745 3639 834 3690 omnia
854 3639 979 3698 omnino,
998 3629 1062 3697 sed,
1083 3655 1168 3706 quan-

645 3715 704 3756 tnrn
717 3703 795 3756 nobis
807 3714 924 3763 antistat,
940 3703 1065 3756 formulae
1078 3713 1167 3754 r'crum

644 3781 838 3825 contractarum
851 3774 947 3825 Graece
961 3772 1073 3840 scriptae
1087 3779 1165 3822 sunt:

644 3858 698 3890 non
711 3839 917 3891 existimandum
930 3847 984 3900 est,
1002 3855 1092 3888 omnes
1105 3837 1167 3889 Gal-

643 3906 683 3958 los
711 3907 829 3957 Caesaris
862 3915 978 3974 ternpore
1007 3904 1167 3958 Graecarum

643 3973 779 4024 literarum
799 3969 976 4040 intelligentes
997 3972 1096 4037 suisse;
1119 3969 1165 4023 scd

644 4039 711 4092 hans
729 4041 809 4094 irrisae
827 4049 931 4120 partem
949 4038 1083 4092 doctrinae
1103 4038 1167 4092 Gal-

643 4105 723 4168 licae,
743 4105 766 4160 sl
785 4126 847 4176 quis
864 4108 962 4160 Graece
978 4107 1065 4160 sciret.
1084 4105 1167 4225 Ῡιιοά

643 4193 704 4242 ergo
721 4174 814 4227 Caesar
837 4173 923 4242 legato
942 4193 991 4226 sno
1008 4176 1093 4244 episto
1104 4194 1167 4235 ana,

643 4241 749 4296 Graccis
767 4241 850 4294 literis
863 4243 1054 4311 consignatam,
1075 4244 1166 4302 misit,

643 4328 677 4361 ne
693 4311 838 4378 interceptu
856 4309 904 4380 legi
920 4327 934 4361 a
952 4310 1056 4364 Nerviis
1077 4318 1166 4380 posset

647 4385 683 4441 5,
710 4381 756 4444 48,
784 4377 813 4430 id
840 4395 894 4433 uon
913 4387 1003 4447 potest
1025 4378 1074 4439 iis,
1099 4395 1166 4448 qaae
