2986 5268
304 375 400 472 242
669 391 725 448 ne
759 391 895 452 sueto
929 393 1052 454 GALL.

304 591 358 664 tio
386 590 443 664 die
470 592 588 666 missis
614 619 660 667 ex
686 595 822 694 oppido
849 595 980 695 legatis
1007 595 1052 668 de
1079 593 1287 687 deditione,
1313 621 1406 668 arma

302 709 486 808 proferri,
511 713 677 785 iumenta
704 713 889 812 produci,
928 713 992 786 DC
1019 713 1164 786 obsides
1190 713 1270 785 dari
1298 713 1407 788 iubet.

300 824 357 896 Ea
384 826 445 921 qui
466 825 687 916 conficeret,
704 829 747 901 C.
768 829 996 902 Trebonium
1018 829 1198 928 Legatum
1217 827 1407 923 relinquit:
1470 873 1471 884 κ

299 936 406 1036 ipse,
446 949 628 1038 utquam
669 943 830 1042 primurn
858 943 930 1016 iter
956 943 1177 1032 conticeret,
1219 943 1409 1016 Genabunr
1470 933 1471 940 ἵ

300 1055 510 1135 Carnulum
551 1058 821 1158 proficiscitur,
857 1061 950 1155 qui,
988 1065 1070 1130 turn
1101 1063 1262 1157 primum
1289 1059 1409 1132 adlato
1473 1125 1474 1176 p

299 1179 438 1250 nuncio
466 1176 510 1248 de
537 1177 815 1276 obpugnatione
844 1175 1146 1266 Vellaunoduui,
1187 1199 1305 1272 quum
1331 1175 1409 1248 lon·
1474 1188 1475 1252 ἶ

298 1291 379 1389 gius
406 1314 489 1363 earn
516 1315 595 1364 rern
622 1293 780 1366 ductum
806 1293 849 1364 iri
878 1293 1158 1378 existimarent,
1185 1289 1406 1388 praesidium
1475 1362 1477 1390 ,

302 1407 444 1483 Genabi
475 1407 601 1482 tuendi
629 1433 795 1498 caussa,
824 1409 923 1505 quod
951 1433 995 1480 eo
1022 1407 1234 1496 mitterent,
1262 1433 1411 1505 cornpa·

298 1522 446 1595 rabant.
473 1525 557 1596 Huc
584 1523 697 1596 biduo
724 1527 928 1622 pervenit3
962 1521 1095 1594 castris
1121 1529 1210 1592 ante
1236 1523 1413 1620 oppidum

298 1637 454 1732 positis,
481 1637 551 1710 diei
579 1644 749 1737 tempore
776 1637 968 1722 exclusus,
1009 1640 1044 1710 in
1073 1645 1266 1734 posterum
1292 1637 1412 1734 obpu-
1480 1709 1481 1712 ,

299 1754 515 1850 girationem
541 1753 683 1846 differt,
717 1779 886 1853 quaeque
914 1753 1070 1826 adeam
1105 1777 1183 1826 rem
1213 1753 1293 1824 usui
1317 1756 1412 1843 sint,
1481 1740 1482 1748 ἵ

299 1870 483 1942 militibus
508 1872 698 1968 imperat3
743 1879 811 1955 et,
857 1870 956 1969 quod
997 1869 1176 1968 oppidum
1217 1870 1413 1942 Genalium

298 2007 393 2082 pons
419 1981 581 2058 fluminis
608 1987 748 2085 Ligeris
774 1985 1013 2074 continebat,
1043 1987 1206 2072 veritus,
1235 2009 1280 2056 ne
1299 1991 1413 2056 noctu

299 2124 346 2174 ex
373 2103 509 2200 oppido
536 2103 807 2202 profugerent,
834 2101 926 2174 duas
957 2102 1118 2202 legiones
1145 2101 1181 2173 in
1210 2100 1322 2172 annis
1349 2125 1414 2174 ex-

300 2215 438 2290 cubare
466 2216 582 2290 iubet.
609 2219 869 2303 Genabenses,
899 2217 1025 2314 paullo
1052 2223 1140 2288 ante
1166 2213 1328 2286 mediam
1348 2239 1413 2286 no·
1483 2275 1484 2295 ,

301 2339 400 2406 clem
432 2333 578 2408 silentio
611 2359 655 2408 ex
702 2334 837 2435 oppido
879 2335 1043 2434 egrossi,
1085 2330 1223 2404 llurnen
1256 2333 1414 2406 transire

300 2457 517 2548 coeperunt.
544 2455 627 2543 Qua
655 2475 693 2524 re
720 2477 786 2550 per
812 2451 1065 2550 exploratores
1092 2451 1297 2539 nunciata,
1323 2447 1414 2521 Cae·

301 2587 360 2634 sar
387 2563 573 2658 legiones,
606 2590 698 2661 quas
733 2567 925 2665 expeditas
960 2589 1036 2638 esse
1075 2567 1260 2647 iusserat,
1296 2565 1416 2661 portis
1491 2646 1493 2659 ⁴

300 2677 477 2766 incensis,
501 2681 721 2754 intromittit
749 2689 862 2781 alque
889 2683 1025 2781 oppido
1045 2683 1205 2780 potitur,
1221 2682 1414 2780 perpaucis
1492 2664 1493 2689 ¹

301 2817 350 2866 ex
381 2793 547 2868 hostiurn
574 2821 730 2874 numero
766 2800 1006 2890 desideratis,
1046 2800 1136 2898 quin
1174 2799 1300 2873 cuncti
1337 2797 1414 2868 vivi

330 3156 454 3228 prosern'.
470 3153 528 3209 Atii
544 3157 664 3230 conferri.

333 3305 360 3342 ut
376 3311 453 3361 quam
467 3311 511 3364 pr.
529 3298 580 3344 iter
594 3293 653 3362 [αα.
676 3294 821 3359 Genndum,

299 3369 332 3409 nt
358 3362 446 3430 primo
470 3377 576 3432 quisquc
602 3371 737 3431 tempure,
763 3363 822 3413 siue

299 3445 385 3485 inore»,
402 3428 560 3480 contendere
574 3439 660 3497 posset
673 3429 819 3482 Genabunr.

298 3494 488 3565 Prrfieiseitur,
501 3495 607 3546 inchoet
624 3497 684 3554 iter,
699 3515 728 3546 er
739 3495 822 3546 ariole

298 3567 355 3633 cuj:
375 3579 436 3615 num
454 3561 502 3613 boc
520 3571 558 3613 est
577 3563 711 3631 proficisci.
747 3559 831 3630 Quid'

299 3649 357 3693 eruo
370 3639 409 3682 est
420 3631 448 3682 iu
464 3631 505 3680 his
522 3629 630 3681 absurdi
641 3639 689 3681 aret
701 3628 822 3682 obscuri?

300 3687 341 3747 Ei·
357 3699 439 3748 orecte
452 3697 510 3768 aus,
522 3714 565 3746 um
577 3695 643 3748 atne
661 3698 766 3762 Veraug
776 3697 830 3768 auf

300 3765 430 3816 Cenabum
438 3765 479 3814 los
489 3763 613 3833 augeben.
626 3765 724 3816 'l'umeu
737 3761 820 3816 mutu

298 3841 360 3882 snnt
378 3851 456 3902 snper
472 3830 499 3882 b.
518 3829 535 3882 l·
553 3829 695 3896 disputata.
719 3831 821 3883 titulavi

298 3898 426 3966 vulgarem
443 3897 653 3960 distinctionem,
671 3907 698 3949 et
715 3903 765 3948 iter·
773 3899 821 3970 fir·

297 3983 352 4016 aere
365 3967 495 4018 Cenabum
505 3967 639 4016 coniunxi.
654 3965 689 4014 Μ.
703 3967 738 4017 Se
758 3983 820 4016 neu·

300 4034 336 4084 tiu
351 4032 410 4085 lruic
422 4033 583 4101 expositioni
597 4033 692 4082 levent.
709 3983 757 4083 Ad
769 4033 821 4084 Ge·

300 4100 398 4150 nabum
415 4101 484 4150 enisu
504 4117 565 4149 mox
583 4109 697 4150 moratur
718 4099 819 4150 Caesar.

300 4165 420 4218 Clnrlius
432 4175 520 4218 contra
538 4175 565 4216 et
581 4166 702 4218 Ouelend.
716 4167 752 4216 ita
766 4183 820 4216 reru

299 4235 420 4302 cupiuutz
438 4239 503 4300 ipse,
514 4245 541 4281 ut
552 4251 628 4301 quam
644 4237 753 4300 primum
771 4237 821 4283 iter·

297 4301 451 4352 institutum
474 4297 621 4417 mrpicerut,
639 4300 693 4351 scil.
719 4301 820 4367 Gergo-

298 4369 365 4419 viam
378 4367 500 4417 adversus
534 4369 754 4434 smingetorigcm,
774 4368 821 4417 Ge·

299 4435 389 4485 nnbnm
399 4433 574 4501 proficiscitur.
593 4441 626 4488 τὸ
636 4435 769 4502 corrfccr'et
780 4441 821 4486 eal

889 3152 978 3212 ecod.
996 3157 1071 3212 Leid.
1088 3155 1175 3227 Vulgo
1184 3155 1295 3228 smeret.

921 3239 990 3307 quod
1013 3257 1044 3290 eo
1067 3242 1205 3288 nullorum.
1239 3237 1309 3288 ilaec
1332 3235 1414 3289 verbu

888 3315 953 3361 sunt
970 3323 1137 3386 supervacua.
1164 3305 1193 3359 Si
1211 3304 1340 3359 Carnutes
1358 3303 1413 3356 Ge-

888 3369 989 3423 nabnm
1010 3371 1139 3442 praesidio
1162 3373 1231 3423 tueri
1253 3369 1412 3428 voluerunt,

888 3450 984 3510 sponte
1002 3441 1056 3492 inte
1083 3445 1084 3450 ’
1106 3442 1157 3491 'tur
1164 3475 1173 3500 ‚
1191 3439 1352 3509 praesidium
1369 3455 1413 3488 eos

888 3507 992 3558 mittere
1009 3527 1041 3560 eo
1056 3525 1089 3558 vo
1120 3508 1171 3558 isse
1187 3516 1214 3558 et
1230 3504 1414 3558 debuissent.

921 3597 981 3652 Huc
996 3598 1070 3649 biduo
1084 3597 1209 3668 perventi.
1241 3595 1326 3668 Vulgo
1342 3597 1413 3649 inse·

887 3675 951 3718 runt
968 3665 1075 3718 Caesar.

918 3749 1068 3800 concinebat.
1107 3764 1133 3798 v.
1159 3743 1216 3796 lud.
1242 3745 1285 3796 M.
1308 3745 1414 3814 Negant

886 3821 1014 3866 ermines-e
1031 3835 1061 3866 ee
1079 3831 1156 3864 sensu
1172 3811 1238 3870 dici,
1251 3831 1304 3882 quo
1314 3815 1414 3864 eontin-

884 3901 959 3953 μιν,
971 3879 1041 3934 uude
1059 3881 1102 3932 hic
1119 3879 1190 3932 0ud.
1203 3879 1304 3932 mavult
1313 3883 1413 3932 mutin-

884 3951 972 4020 gebat,
989 3959 1020 4002 ut
1035 3966 1096 4000 mox
1113 3965 1135 4000 e.
1154 3945 1196 3998 23.
1212 3950 1281 3996 inter
1302 3965 1330 4000 se
1350 3963 1414 3997 eon·

886 4021 988 4086 tingant
1003 4015 1095 4068 trabes.
1114 4013 1218 4066 Videsis
1246 4023 1349 4074 umen,
1366 4029 1413 4064 uu·

887 4103 959 4202 13er
959 4083 1032 4154 apud
1048 4081 1171 4200 Plautia
1185 4079 1322 4199 Stic'lppdp
1337 4089 1413 4196 b'lda.

978 4169 1008 4202 ue
1031 4167 1112 4200 comm
1172 4167 1184 4198 r
1210 4166 1240 4198 oo
1270 4167 1336 4210 ree,
1361 4165 1384 4198 rs

886 4170 1075 4288 siguilicatioue
1091 4215 1201 4270 dicatur.

919 4301 999 4348 eunetr¹
1016 4300 1072 4346 vivi.
1099 4293 1166 4346 Beue
1188 4294 1227 4346 sic
1249 4295 1337 4346 iunxit
1352 4294 1414 4345 Ou-

887 4363 966 4417 dend.
979 4383 992 4414 e
1005 4361 1082 4414 codd.
1100 4361 1225 4422 dirersis,
1243 4379 1354 4432 qucum
1364 4360 1411 4414 alii

886 4431 985 4484 babent
1000 4435 1094 4489 wncti,
1111 4427 1157 4482 ulii
1174 4429 1231 4483 vul.
