3004 5262
303 419 382 479 ern.
417 419 487 478 vn.
522 419 614 479 cre.
659 388 828 480 15-18.
1032 407 1126 516 2³47

43 617 125 714 quod
148 621 275 694 civitas
302 627 382 694 erat
413 623 546 721 exigna
565 628 604 698 et
629 623 799 710 inlirma,
817 621 1013 710 celeriter,
1033 623 1136 719 quod

43 735 253 827 habuerunt,
293 745 591 812 consumserunt.
638 727 794 813 Summa
834 737 1055 820 dillicultate
1084 741 1137 812 rei

40 849 282 926 frumentariae
309 851 456 926 adfecto
484 859 674 942 exercitu,
713 855 896 926 tenuitate
923 855 1135 942 Boiorum,

39 965 245 1066 indiligentia
266 968 507 1058 Aeduorum,
526 971 704 1048 incendiis
723 967 998 1058 aedificiorum,
1019 995 1135 1066 usqne

39 1107 100 1172 eo,
139 1093 179 1158 nt
217 1085 428 1184 complures
456 1087 532 1158 dies
559 1086 696 1162 milites
722 1087 910 1160 frumento
946 1093 1154 1176 caruerint⁴

37 1207 87 1288 et,
112 1227 240 1300 pecore
257 1227 276 1274 e
295 1201 615 1302 longinquioribus
643 1205 733 1275 vicis
753 1203 904 1292 adacto,
926 1212 1137 1279 extremam

37 1311 155 1386 lumem
194 1323 474 1402 sustentarent,
514 1315 615 1390 nulla
645 1324 777 1401 'tamen
814 1339 892 1388 vox
919 1321 975 1388 est
1012 1319 1058 1390 ab
1094 1321 1138 1391 iis

35 1427 174 1518 audita,
219 1429 352 1528 Populi
395 1433 552 1503 Romani
593 1435 787 1504 maiestate
816 1435 854 1508 et
885 1429 1137 1526 superioribus

35 1539 184 1614 victoriis
211 1544 376 1644 indigna.
404 1547 640 1638 Quinetiam
669 1545 806 1618 Caesar
824 1567 941 1642 quum
970 1541 1145 1642 inopere

33 1655 177 1756 singulas
203 1659 369 1760 legiones
396 1659 599 1758 adpellaret
625 1669 692 1749 et,
718 1663 747 1734 si
774 1663 945 1740 acerbius
971 1663 1138 1758 inopiam

31 1767 183 1860 terrent,
211 1801 253 1848 se
281 1775 519 1854 dimissurum
536 1767 854 1876 obpugnationem
876 1779 1039 1864 diceret3
1058 1778 1139 1849 uni-

33 1895 112 1961 versi
140 1893 187 1964 ab
216 1917 289 1982 eo,
315 1921 359 1968 ne
387 1895 428 1968 id
446 1895 618 1989 feceret,
650 1897 855 1994 petebantt
882 1901 937 1968 sic
963 1921 1003 1978 se
1031 1923 1132 1968 corn-

28 2003 128 2094 pluris
153 2033 273 2080 annos
299 2011 359 2080 ulo
384 2015 579 2107 imperante
603 2015 801 2099 menu'ssc,
821 2023 860 2080 nt
877 2009 1011 2081 nullom
1029 2015 1134 2107 igno·

28 2124 162 2194 rruu'nt'tun
188 2131 421 2216 acciperent,
448 2149 643 2223 numquam
670 2125 804 2220 inpacta
830 2150 868 2198 re
893 2109 1133 2198 discederent:

26 2227 82 2302 lroc
104 2261 141 2308 se
166 2244 393 2337 ignominiae
419 2239 554 2311 ltdnros
574 2241 678 2328 loeo,
702 2244 737 2310 si
752 2237 929 2336 inceptem
945 2237 1131 2334 obpugna-

23 2352 138 2422 tionem
166 2357 446 2453 relinqrn'ssent:
468 2351 651 2449 prostare
669 2409 679 2444 ,
698 2379 818 2427 ornnes
840 2355 1003 2451 perferre
1027 2380 1131 2426 ocer-

24 2459 154 2556 tttutes,
173 2497 288 2567 quum
312 2495 383 2542 non
409 2469 546 2544 civibus
575 2471 778 2559 Romanis,
812 2477 876 2570 qui
901 2471 1036 2542 Genabi
1048 2496 1129 2566 per·

13 2573 96 2668 fidia
122 2584 314 2658 Gallorum
340 2591 567 2674 interissent,
589 2602 830 2683 parentur-ent.
870 2589 972 2660 Haec
1000 2587 1130 2660 eadem

22 2693 307 2776 (lentur-ionibus
333 2702 582 2797 Tribunisque
614 2701 775 2778 militum
803 2704 1059 2788 mandabant,
1088 2710 1132 2777 ut

19 2833 72 2906 per
97 2845 160 2894 eos
189 2821 240 2894 ad
269 2821 466 2893 Caesarem
493 2818 741 2896 deferrentur.

62 2935 117 3007 18.
153 2941 292 3030 Quum
331 2938 406 3008 iam
442 2957 550 3030 muru
590 2940 712 3006 turres
746 2925 1141 3034 adpropinquassent,

17 3067 54 3116 tx
78 3055 246 3150 captivis
275 3053 410 3124 Caesar
438 3053 639 3149 cognovit,
667 3051 1014 3150 Vercingetorigem
1041 3075 1136 3122 con-

14 3174 127 3240 sumto
155 3161 305 3269 pabulo
345 3173 469 3241 castra
502 3167 662 3240 movisse.
702 3168 854 3266 propius
897 3169 1135 3259 Avaricum,

12 3285 112 3378 atque
139 3289 275 3386 ipsum
303 3309 390 3358 cum
417 3284 589 3380 equitatu
617 3284 898 3382 expeditisque,
916 3287 994 3382 qui
1036 3287 1138 3360 inter

12 3403 144 3492 equites
173 3400 354 3501 proeliari
383 3407 651 3488 consuessent,
687 3401 903 3475 insidiarum
931 3427 1061 3476 caussa
1090 3431 1136 3478 eo

9 3515 254 3604 proiectum,
303 3537 381 3612 quo
426 3521 573 3587 nostros
616 3521 767 3612 postero
810 3516 868 3588 die
913 3517 1135 3614 pabulatum

11 3639 183 3709 vetituros
214 3633 482 3706 arbitraretur.
510 3633 654 3724 Quibus
681 3631 791 3702 rebus
809 3633 988 3730 cognitis,
1009 3635 1136 3712 media

8 3755 106 3820 nocte
134 3747 299 3823 silentio
326 3745 546 3845 proiectus,
596 3747 643 3819 ad
669 3747 832 3819 bostium
870 3755 994 3821 castra
1021 3771 1132 3821 mane

31 4049 169 4100 cumam.
190 4045 264 4117 Leg.
281 4057 406 4098 rumne.
641 4046 686 4114 qut
704 4041 1008 4098 Cenabi-interissent.
1022 4041 1065 4096 Cl.
1079 4062 1100 4096 c.
1111 4041 1137 4094 3.

30 4139 129 4196 adacto.
154 4145 175 4195 i.
205 4163 232 4194 e.
265 4149 375 4202 coacto,
394 4159 452 4196 con
474 4143 540 4198 oleo.
607 4109 650 4162 Μ’

7 4195 97 4260 lineam
117 4210 216 4265 ciacc,
237 4219 270 4261 ιι
285 4207 399 4264 ursina„
416 4161 541 4266 volebam
641 4204 814 4274 qui-prosi.
832 4215 1001 4263 consuessent·
1029 4203 1137 4258 Descri⁴

7 4273 87 4328 ducto.
606 4269 710 4324 buntur
727 4291 803 4342 supra
824 4292 849 4332 1,
869 4275 909 4334 48.
927 4271 970 4322 M.

27 4397 101 4446 pum
123 4403 185 4435 non
214 4386 270 4434 ω’ν.
293 4381 402 4438 subaudi
427 4395 462 4437 nt.
497 4383 541 4440 sic
640 4385 822 4434 arbitraretur.
874 4383 919 4438 Sis
936 4383 1007 4438 oud.
1025 4401 1039 4436 s
1056 4381 1133 4435 codd.

7 4450 186 4508 nuendarione
209 4470 275 4506 non
291 4470 364 4526 opos.
560 4529 564 4542 ἱ
608 4450 693 4520 Vulgo
709 4453 892 4506 anteradensi
