3000 5268
357 403 437 462 un.
470 401 525 462 vr.
558 401 652 462 cnr.
690 371 798 495 7‘8·
1047 377 1133 504 195

82 609 115 681 8.
139 607 212 680 vix
236 631 371 707 agmen
396 607 641 680 novissimum
667 613 774 682 extra
802 609 1027 684 munitiones
1052 635 1139 710 pro·

36 727 209 811 cesserat,
234 745 350 819 quum
379 721 496 812 Galli,
524 723 710 796 cohomati
736 725 834 796 inter
858 749 919 812 se,
945 749 989 800 ne
1013 750 1139 822 spao-

37 851 100 910 ram
121 839 292 936 praedam
325 863 373 912 aa
404 839 569 912 manibus
602 839 839 922 dr'rrrittercn13
863 842 1011 939 longum
1042 868 1139 935 esse,

34 961 220 1053 perterritis
239 956 435 1044 Romanis,
447 954 706 1028 Germanorum
719 958 899 1034 anartium
914 973 1139 1058 exspectare,-

8 1125 11 1138 Α
36 1096 136 1169 nequa
152 1097 257 1144 suam
279 1077 360 1170 pati
383 1072 616 1170 dignitatem,
630 1085 673 1142 at
690 1077 800 1145 tantis
826 1079 937 1172 copiis
963 1088 1037 1146 tam
1063 1083 1141 1150 exi-¹

35 1209 137 1282 guam
153 1212 300 1258 manum
313 1240 324 1275 ,
336 1191 547 1284 praesertim
558 1185 770 1284 fugientem
797 1201 902 1285 atqua
927 1187 1139 1284 inpeditam,

37 1301 160 1376 adoriri
182 1331 253 1375 non
279 1305 453 1387 audeam
479 1300 618 1376 flumen
644 1304 802 1376 transire
830 1311 869 1377 et
894 1305 1022 1402 iniquo
1053 1305 1138 1380 loco

38 1419 205 1516 proelium
230 1422 473 1494 committere
500 1445 575 1492 nou
603 1419 789 1492 dubitant.
841 1423 947 1512 Quae
976 1421 1053 1494 fore
1080 1447 1141 1494 su·

39 1537 188 1632 spicatas
216 1537 426 1625 labienus,
447 1543 492 1608 ut
517 1559 646 1608 omnes
673 1536 769 1608 citra
803 1533 942 1610 {lumen
969 1535 1138 1625 eliceret,

40 1647 155 1723 eadem
186 1673 276 1724 usus
301 1651 537 1724 simulatione
565 1651 727 1738 itineris,
753 1648 895 1748 placide
926 1651 1141 1750 progredie-

39 1761 149 1840 batur.
174 1769 295 1856 Tum,
321 1767 530 1866 praemissis
559 1763 722 1864 paullum
749 1759 1009 1863 inpedimentis
1028 1775 1141 1866 atque

42 1880 73 1952 in
96 1879 238 1954 tumulo
266 1881 429 1978 quodam
458 1879 687 1970 conlocatis,
710 1878 874 1968 Habetis,
902 1881 1042 1977 inquit,
1069 1887 1142 1954 mi*

42 1991 125 2082 lites,
141 2021 249 2094 quam
271 2001 433 2092 petistis,
444 1994 687 2090 serenitatem:
705 1993 843 2065 hostem
860 1995 1015 2090 inpedito
1034 2009 1142 2093 atqua

43 2111 146 2208 irtqaa
179 2114 255 2185 laco
291 2117 436 2186 tenetis:
466 2123 647 2209 praestate
681 2107 839 2182 eamdem
866 2109 965 2180 nabis
990 2110 1142 2184 ducibus

45 2231 209 2320 virtutem,
234 2255 343 2328 quam
373 2251 621 2326 saepenumero
653 2223 868 2326 Imperatori
888 2229 1141 2322 praestitistis:

45 2342 150 2420 edesse
169 2373 255 2420 eum
280 2361 314 2419 ct
337 2345 429 2418 haec
454 2369 574 2416 aarum
601 2365 763 2424 cernere,
781 2343 994 2414 existimata.
1021 2341 1143 2416 Simul

25 2461 133 2564 ‚signa
155 2463 202 2536 ad
230 2463 376 2534 hostem
404 2459 575 2532 corruerti
602 2457 795 2554 aciemque
823 2455 929 2556 dirigi
956 2458 1061 2531 iubet
1082 2465 1142 2551 et,

44 2577 154 2670 paucis
191 2577 328 2653 {rumis
368 2572 550 2673 praesidio
591 2569 638 2644 ad
672 2569 925 2670 inpedimenta
960 2570 1143 2665 dimissis,

44 2689 185 2789 reliquos
210 2697 357 2790 equites
385 2691 431 2764 ad
458 2690 574 2762 latera
598 2686 773 2785 disponit.
814 2685 997 2762 Celeriter
1023 2691 1142 2766 nostri

45 2806 189 2885 clamore
214 2809 364 2884 sublato
392 2807 465 2906 pila
491 2807 528 2878 in
556 2803 681 2878 hostes
706 2803 918 2877 inmittunt.
969 2805 1050 2896 uli,
1079 2810 1141 2881 ubi

46 2913 174 3016 praeter
197 2949 324 3022 spem„
343 2947 437 3019 quos
460 2920 590 3019 fugere
617 2916 839 3006 credebant,
860 2919 1003 2992 infestis
1025 2924 1141 3020 signis

45 3033 204 3112 adscire
233 3037 428 3126 viderunt,
444 3037 614 3133 inpetum
641 3032 753 3106 modo
779 3031 876 3106 ierne
904 3059 978 3108 non
1006 3043 1142 3133 potue,

44 3157 121 3222 runt
137 3177 198 3241 ac,
213 3153 336 3251 primo
354 3173 538 3224 concursu
560 3151 596 3221 in
616 3135 743 3246 fugam
760 3148 939 3236 coniecti,
953 3150 1141 3245 proximas

44 3261 139 3339 silvas
164 3271 399 3368 petiverunt:
428 3290 520 3364 quos
537 3263 731 3336 Labienus
758 3263 929 3359 equitatu
957 3273 1142 3340 consecta-

44 3385 111 3470 tus,
127 3409 262 3486 magno
290 3408 447 3456 numero
475 3381 695 3470 interfecta,
718 3381 973 3482 compluribus
1000 3388 1141 3483 captis,

44 3502 153 3592 paucis
172 3485 256 3600 post
275 3501 404 3572 diebus
428 3500 627 3571 civitatem
652 3499 812 3596 recepit:
832 3525 920 3582 nam
942 3503 1140 3594 Germani,

45 3614 97 3705 qui
129 3615 265 3688 auxilio
302 3614 522 3700 veniebant,
547 3617 725 3709 percepta
755 3613 998 3687 Trevirorum
1032 3615 1140 3714 fuga,

44 3747 108 3797 scse
132 3729 283 3802 domum
312 3727 566 3802 contulerunt.
615 3727 711 3812 Cum
737 3725 780 3804 iis
806 3727 1003 3825 propinqui
1029 3727 1141 3800 Indu·

45 3842 197 3941 tiomari,
224 3847 288 3954 qui
319 3843 537 3930 defectionis
568 3849 739 3916 auctores
771 3841 941 3934 inerant,
966 3845 1140 3926 comitati

70 4035 191 4098 anilium.
209 4033 242 4090 al.
260 4033 369 4088 auxilia.
644 4037 750 4102 reaepit.
767 4031 813 4086 alii
829 4037 926 4107 recipit.

70 4101 149 4154 eadem
165 4123 222 4156 usus
240 4103 321 4156 simut
354 4101 484 4156 lllemorat
501 4097 549 4154 hoc

45 4167 180 4236 stratagema
197 4173 337 4224 Frontinus
356 4186 384 4229 a,
404 4175 432 4236 5,
451 4185 491 4223 20.
647 4187 702 4220 sesa
724 4168 750 4219 d.
772 4167 942 4230 mantem
975 4167 1022 4224 alli
1040 4187 1142 4240 recepte

46 4235 104 4350 affl
109 4239 274 4356 troadensem
286 4240 404 4290 diutissia
422 4235 487 4288 cod,
498 4253 547 4305 reg.
617 4247 686 4286 runt.

78 4319 83 4338 ¹
105 4322 135 4363 rs,
151 4323 168 4356 u
197 4324 220 4358 c.
239 4323 263 4371 7.

51 4369 96 4444 ⁸in
110 4368 190 4430 tasas
207 4376 345 4434 inraictant.
379 4369 412 4431 al.
438 4374 550 4422 mamm
649 4374 785 4448 propinqui
802 4369 888 4422 Indut.
921 4371 955 4424 ci.
978 4389 1006 4424 ca
1029 4407 1037 4422 .
1058 4389 1082 4424 2.
1100 4372 1141 4432 Da

45 4447 135 4486 maura.
618 4437 780 4509 Cingetorige
798 4457 822 4494 v·
841 4443 872 4508 5,
889 4437 913 4492 ³.
934 4441 971 4504 56.
1015 4473 1029 4504 ,.
