3040 5264
368 377 456 468 132
722 407 779 465 nr
813 407 949 466 sunno
982 407 1105 470 crus.

357 609 441 684 loco
470 633 704 712 progressus,
722 621 850 711 aperto
881 635 925 684 ac
957 609 1067 711 plano
1097 609 1204 684 litore
1235 635 1355 684 naves
1383 635 1453 684 con·

358 729 495 800 stituit.
526 775 529 782 .

410 851 471 932 24.
486 847 538 919 At
550 843 722 934 barbari,
736 842 891 916 consilio
905 843 1163 916 Romanorum
1181 845 1360 948 cognito,
1372 867 1457 940 prae·

358 961 471 1034 misso
499 961 672 1059 equitatu
696 965 736 1033 et
752 958 967 1049 essedariis,
991 983 1066 1057 quo
1092 958 1316 1058 plerumque
1343 983 1457 1058 genere

357 1075 396 1146 in
423 1075 571 1174 proeliis
599 1075 655 1148 uti
682 1079 934 1162 consuerunt,
959 1073 1109 1170 reliquis
1128 1073 1243 1173 copiis
1263 1073 1458 1159 subsecuti,

358 1197 507 1268 nostros
540 1193 698 1264 navibus
729 1189 854 1289 egredi
884 1189 1144 1288 prohibebant.
1195 1191 1293 1264 Erat
1328 1189 1375 1262 ob
1407 1187 1459 1260 bas

360 1335 508 1384 caussas
533 1333 679 1383 summa
705 1305 920 1396 difficultas,
951 1306 1052 1404 quod
1078 1329 1191 1379 naves
1216 1312 1375 1406 propter
1398 1331 1459 1377 rna·

359 1424 610 1522 gnitudinem,
629 1423 696 1496 nisi
715 1423 754 1496 in
770 1421 872 1507 alto,
897 1423 1075 1496 constitui
1094 1445 1168 1494 non
1189 1425 1390 1520 poterant3
1406 1419 1458 1490 mi·

358 1539 487 1614 litibus
503 1547 628 1615 autern
647 1540 784 1640 ignotis
801 1537 894 1611 locis
906 1593 916 1627 ,
930 1535 1103 1636 inpeditis
1121 1537 1321 1626 manibus,
1340 1558 1458 1634 magno

360 1663 398 1728 et
412 1658 516 1754 gravi
534 1679 724 1730 armorum
739 1677 850 1726 onere
865 1653 1066 1751 oppressis,
1078 1649 1187 1724 simul
1201 1655 1240 1722 et
1256 1651 1305 1724 de
1318 1649 1459 1722 navibus

360 1767 603 1842 desiliendum
622 1777 660 1845 et
677 1772 715 1844 in
733 1765 911 1842 fluctibus
936 1764 1214 1840 consistendum
1234 1772 1385 1838 etcum
1408 1761 1459 1834 bo

360 1883 480 1956 stibus
506 1891 586 1958 erat
611 1883 871 1986 pugnandum:
892 1907 1007 1980 quum
1026 1880 1076 1962 illi
1097 1885 1164 1954 aut
1189 1902 1236 1952 ex
1264 1877 1392 1968 arido,
1407 1881 1460 1945 aut

360 2000 566 2097 paullulum
588 2003 626 2074 in
647 2025 784 2100 aquarn
803 1999 1002 2099 progressi,
1020 1997 1192 2070 omnibus
1211 1997 1392 2068 membris
1411 2017 1458 2064 ex·

359 2115 497 2214 pediti,
523 2119 724 2192 notissimis
752 2115 845 2188 locis
871 2115 1050 2186 audacter
1075 2112 1151 2185 tela
1177 2111 1407 2182 coniicerent
1428 2111 1459 2177 et

361 2251 477 2326 equos
494 2231 720 2304 insuefactos
736 2231 947 2304 incitarent.
965 2227 1110 2321 Quibus
1127 2225 1237 2299 rebus
1255 2225 1375 2298 nostri
1392 2243 1458 2320 per-

359 2345 503 2434 territi,
521 2353 634 2442 atque
660 2346 770 2419 huius
797 2345 949 2418 omnino
966 2343 1109 2441 generis
1134 2363 1282 2441 pugnae
1304 2334 1455 2436 inperiti,

359 2482 436 2533 non
462 2460 591 2533 eadem
610 2459 803 2534 alacritate
830 2483 875 2533 ac
901 2458 1048 2548 studio,
1074 2481 1149 2554 quo
1174 2459 1214 2532 in
1239 2453 1457 2556 pedestribus

359 2574 417 2644 uti
443 2573 592 2670 proeliis
617 2581 910 2658 consueverant,
936 2573 1165 2648 nitebantur.

411 2685 470 2754 25.
500 2685 611 2776 Quod
630 2687 692 2759 ubi
709 2687 844 2760 Caesar
868 2689 1034 2766 animum
1062 2683 1245 2774 advertit,
1264 2707 1380 2758 naves
1396 2679 1459 2751 lon·

358 2819 445 2894 gas,
471 2821 631 2894 quarum
658 2807 697 2874 et
722 2801 861 2900 species
887 2810 968 2879 erat
994 2803 1161 2876 barbaris
1194 2797 1408 2872 inusitatior
1431 2797 1458 2862 ct

357 2921 484 2992 molus
498 2913 545 2988 ad
562 2939 670 2994 usum
689 2917 896 3016 expeditior
910 2917 1099 3016 ,paullum
1116 2919 1303 3002 removeri
1322 2917 1368 2988 ah
1387 2935 1457 2984 uue-

356 3031 462 3103 rariis
490 3033 648 3106 navibus
666 3042 704 3105 el
723 3036 833 3107 remis
859 3036 1006 3114 incitari
1034 3041 1073 3106 et
1098 3033 1145 3106 ad
1171 3033 1272 3116 lalus
1298 3038 1457 3132 apertum

356 3143 522 3219 bostium
548 3151 747 3233 constitui,
775 3157 888 3246 atque
915 3149 1000 3220 inde
1027 3149 1169 3236 lundis,
1196 3150 1365 3246 sagittis,
1389 3151 1457 3216 tor-

355 3263 512 3354 mentis,
529 3264 654 3340 hostes
673 3265 826 3363 propelli
845 3289 889 3340 ac
906 3265 1121 3338 submoveri
1149 3266 1275 3339 iussit:
1299 3287 1395 3362 quae
1410 3279 1458 3332 res

355 3401 492 3478 magno
520 3381 603 3456 usui
630 3382 765 3454 nostris
792 3379 875 3460 luit.
917 3381 1014 3457 Nam
1041 3385 1080 3454 et
1106 3380 1260 3458 navium
1287 3367 1404 3479 figura
1428 3377 1457 3443 el

354 3517 545 3574 remorum
566 3503 674 3570 motu
691 3501 730 3569 et
747 3495 928 3567 inusitato
944 3520 1078 3606 genere
1096 3502 1371 3570 tormentorum
1388 3511 1457 3591 per·

353 3609 448 3687 moti
476 3609 625 3692 barbari
652 3611 924 3700 constiterunt,
941 3635 985 3682 ac
1005 3607 1171 3714 paullum
1196 3611 1310 3694 modo
1337 3605 1455 3712 peden]

351 3853 478 3890 uumerus
495 3853 578 3914 prope
596 3835 630 3886 sd
647 3833 759 3888 ulterram
770 3836 875 3891 accedit.
978 3837 1010 3888 ds
1022 3838 1342 3908 wihus-infirmamus.
1359 3837 1454 3902 praepo

351 3904 382 3955 lu
401 3903 461 3956 edd.
481 3906 573 3987 priscrs
590 3902 686 3971 legitur
702 3916 809 3954 cemm-
831 3902 878 3956 alii
944 3904 1055 3956 sitiones
1073 3907 1192 3956 restituit
1208 3907 1279 3960 Oud.
1297 3927 1312 3958 e
1329 3902 1400 3961 codd·

350 3968 451 4022 babent
468 3971 540 4021 llll.
977 3971 1284 4042 imerejaeromdsuesos:
1294 3984 1326 4025 ut
1335 3971 1453 4024 irruatur

349 4121 365 4154 ο
382 4049 474 4157 ppegpp
492 4035 617 4155 as‘plano
632 4036 878 4156 limgpinIZAnvlllo
943 4035 1118 4158 (ἓάῑυι-,ιὸᾳυέ
1135 4049 1175 4091 est
1185 4041 1359 4158 tadsuefactus
1375 4037 1422 4152 “ij
1428 4032 1452 4081 lu

390 4123 426 4154 eu
446 4123 454 4154 r
500 4141 506 4151 .
535 4140 542 4153 .
984 4142 990 4154 .
1133 4143 1139 4158 .
1239 4115 1244 4132 ‘
1316 4113 1321 4127 ¹
1371 4143 1376 4154 .
1419 4137 1424 4148 ·

349 4121 428 4222 hiidie
445 4119 536 4238 Hills.
555 4121 611 4156 em
626 4121 675 4175 por
780 4123 876 4177 manu,
971 4123 1068 4222 Γιιοξῗῖ-
1076 4119 1384 4232 [[ιὶὲιὲῠαοιιὸειιᾏιῗὲσέἴηζξ,
1409 4161 1451 4216 nod

383 4239 531 4314 essedariis,
549 4239 596 4308 qui
614 4255 647 4289 ex
663 4237 760 4291 essedis
772 4240 875 4302 (curri·
942 4238 1020 4308 vulgo
1037 4241 1155 4301 additur,
1169 4243 1197 4293 iu
1211 4241 1335 4312 plurimis
1350 4189 1419 4294 coll.
1431 4237 1451 4282 θ’

351 4301 532 4378 bus'bellsers)
544 4313 673 4373 puguant.
690 4306 753 4358 Vid.
766 4307 875 4372 omniuo
944 4305 1002 4358 edd.
1020 4317 1072 4358 ret.
1090 4309 1171 4359 deest.

349 4389 372 4422 c.
390 4370 432 4420 dd.
450 4371 493 4420 M.
977 4375 1131 4424 ridebantur.
1160 4377 1204 4428 Sic
1226 4377 1284 4428 cod.
1301 4377 1385 4433 Oxou.
1406 4367 1450 4420 cle·

384 4455 461 4492 essere
477 4442 612 4506 oppressis.
630 4437 665 4502 ul,
679 4443 783 4508 pressis.
878 4489 881 4498 ,
942 4451 1041 4518 gauter,
1059 4441 1144 4510 Vulgo
1160 4443 1304 4506 aralunae.
