3028 5258
319 349 414 472 5¹18
506 367 509 374 '
654 377 740 444 -υῑ
773 377 909 444 senso
944 377 1108 442 ornos.

313 581 445 657 diebsss
481 573 641 683 praedae
662 560 973 656 ioeo'l’arthinos
1011 577 1222 667 habuerat,
1264 561 1445 652 irnr'sien·

314 700 474 794 tumque
501 717 614 773 omne
644 697 931 800 conquisitum,
959 694 1128 798 spoliatis
1154 691 1352 794 effusisque
1379 715 1447 769 eo·

312 835 402 894 suro
428 811 630 905 domibus,
653 837 721 918 per
745 815 888 914 equites
914 813 1187 910 comportarat.
1339 821 1343 833 ·

364 923 426 1016 43.
453 925 598 1023 Quibus
623 927 735 1004 rebus
759 927 948 1030 cognitis,
973 923 1110 1000 Caesar
1142 921 1343 1000 consilinm
1360 947 1445 997 aa·

247 1069 253 1082 ·
310 1043 370 1147 pit
394 1063 441 1118 ex
465 1039 540 1118 loci
565 1047 714 1120 natura.
755 1041 876 1122 Eram
901 1042 1003 1116 enim
1020 1043 1303 1118 circumcastra
1324 1041 1445 1114 Pom-

313 1156 389 1260 peii
407 1156 585 1258 permulti
601 1157 692 1236 'editi
710 1165 825 1260 atque
857 1157 975 1260 asperi
1011 1155 1149 1231 colles:
1176 1156 1244 1230 hos
1270 1157 1445 1256 primum

308 1271 503 1376 praesidiis
520 1277 645 1352 tenuit
658 1274 886 1376 castellaque
904 1273 955 1350 ibi
974 1273 1210 1348 communiit.
1248 1269 1363 1363 Inde,
1390 1277 1440 1346 ut

309 1391 384 1468 loci
399 1377 583 1494 ‚cuiusque
601 1401 739 1470 natura
750 1393 922 1484 ferebat,
938 1415 987 1466 ex
1005 1389 1159 1468 castello
1177 1393 1216 1465 in
1229 1387 1438 1464 entellum

306 1509 493 1616 perducta
509 1512 745 1602 munitione,
763 1507 1047 1586 circumvallare
1074 1507 1296 1608 Pompeium
1325 1509 1439 1581 insti-

160 1647 166 1670 ‘
311 1627 408 1702 tuit:
422 1625 514 1704 haec
533 1634 726 1732 ερεοῑειιε,
743 1608 850 1726 quod
859 1631 1018 1726 angusta
1029 1647 1070 1700 re
1087 1623 1336 1700 frumentaria
1354 1632 1440 1699 ute·

307 1740 444 1834 batur,
457 1741 633 1842 quodque
650 1742 851 1841 Pompeius
866 1737 1107 1815 multitudine
1129 1741 1302 1838 equitum
1333 1737 1440 1813 vale

307 1857 406 1950 bat,
432 1881 508 1958 quo
534 1859 677 1934 minore
703 1853 871 1960 periculo
899 1855 1063 1956 undique
1078 1853 1312 1930 frumentum
1331 1879 1437 1930 com-

307 1975 551 2072 meatumque
576 1971 758 2048 exercitui
784 1971 1007 2072 subportare
1034 1975 1180 2072 posset3
1207 1967 1348 2072 simul,
1377 1969 1436 2044 uti

308 2085 551 2189 pabulatione
565 2087 785 2190 Pompeium
802 2087 1016 2188 prohiberet
1040 2087 1327 2186 equitatumque
1355 2087 1436 2161 eius

308 2200 357 2274 ad
384 2225 465 2276 rem
489 2203 691 2304 gerendam
717 2201 892 2278 inutilem
917 2197 1105 2288 efficeret;
1120 2201 1262 2292 tertio,
1289 2205 1334 2276 nt
1360 2225 1434 2274 au-

309 2318 555 2410 ctoritatem,
580 2342 656 2420 qua
681 2317 743 2393 ille
768 2319 932 2393 maxime
959 2317 1060 2419 apud
1087 2309 1233 2393 exteras
1260 2319 1435 2394 nationes

145 2493 147 2498 .
308 2438 377 2511 niti
393 2437 610 2528 videbatur,
629 2421 835 2522 midueret3
850 2455 969 2534 quum
986 2433 1086 2508 fama
1106 2459 1173 2535 per
1200 2433 1330 2510 orbem
1357 2441 1433 2510 ter-

306 2573 437 2626 rarum
455 2547 869 2654 percrebuisset,illum
884 2573 906 2624 a
924 2547 1080 2625 Caesare
1111 2546 1274 2626 obsideri
1309 2573 1434 2650 neque

304 2665 446 2742 audere
472 2665 613 2766 proelio
639 2667 830 2742 dimicare.
1006 2735 1011 2743 ,
1321 2683 1326 2690 ·

359 2787 420 2874 44.
446 2785 645 2884 Pompeius
669 2781 790 2881 neque
809 2779 946 2856 amari
971 2781 1281 2882 Dyrrhachioque
1305 2783 1432 2860 disce-

308 2895 395 2972 dese
412 2893 594 2986 volebat,
617 2894 718 2996 quod
748 2917 899 2970 omnem
930 2895 1153 2998 adparatum
1184 2898 1298 2991 belli,
1326 2897 1430 2990 tela,

307 3033 443 3101 arma,
467 3015 659 3086 tormenta
678 3017 698 3102 ,'
714 3009 766 3084 ibi
792 3009 1057 3088 conlocauerat
1077 3065 1090 3102 ,
1121 3011 1432 3111 frumentumque

273 3155 277 3164 ¹
307 3123 491 3197 exercitui
531 3126 692 3198 navibus
720 3125 1013 3228 -subportabats
1038 3149 1159 3226 neque
1191 3114 1432 3202 ¹munitiones

307 3239 476 3316 Caesaris
499 3241 698 3340 probibere
733 3248 912 3344 poterat,
946 3242 1019 3317 nisi
1050 3243 1194 3342 proelio
1233 3245 1430 3320 denemare

305 3352 441 3446 vellet,
474 3356 576 3455 qnod
601 3381 646 3430 eo
672 3364 843 3458 tempore
867 3362 1053 3432 statuerat
1078 3383 1154 3430 non
1184 3382 1262 3432 esse
1288 3358 1428 3432 facien·

305 3469 409 3548 dum.
450 3471 774 3572 Relinquebatur,
802 3477 846 3548 ut
863 3527 876 3563 ,
892 3481 1099 3550 extremam
1124 3474 1311 3548 rationem
1337 3473 1426 3548 belli

306 3580 483 3684 sequens,
509 3609 624 3685 quarn
649 3577 830 3688 plurimos
856 3585 969 3666 colles
1000 3593 1205 3687 occuparet
1242 3593 1283 3661 et
1308 3609 1426 3686 quarn

229 3719 233 3737 ‘
303 3699 501 3776 latissimas
514 3704 682 3804 regiones
694 3697 885 3804 praesidiis
898 3709 1044 3779 &neret
1059 3759 1072 3794 ,
1088 3703 1331 3801 Caesarisque
1361 3729 1425 3778 co·

304 3820 412 3918 pias,
435 3841 551 3916 worn
580 3818 744 3894 maxime
778 3827 932 3918 posset,
957 3819 1170 3906 distineret:
1187 3821 1226 3896 id
1239 3819 1341 3919 quod
1355 3849 1423 3897 ac-

306 3935 408 4012 cidit.
442 3931 613 4010 castellis
626 3935 908 4041 enirn-quatuor
921 3943 961 4016 et
978 3939 1113 4040 viginti
1130 3935 1292 4031 effectis,
1305 3943 1420 4042 quin-

218 4328 230 4344 „
316 4279 442 4360 *urana
458 4281 493 4334 or
507 4287 661 4338 somnumilr.
678 4269 825 4350 beenan
925 4291 953 4344 id
963 4291 1144 4368 prodamus.
1158 4291 1245 4364 vulgo
1261 4293 1346 4364 idque.
1362 4295 1416 4350 Sed

303 4347 336 4404 lrs
352 4365 383 4428 γ..
396 4347 430 4427 de
446 4347 474 4400 B.
492 4349 526 4402 G.
545 4369 560 4418 7
575 4389 582 4412 ‚
595 4355 642 4432 ⁶9
658 4353 703 4432 Μ.
891 4357 970 4412 codd.
993 4355 1099 4414 ilorvic.
1123 4369 1150 4414 et
1178 4359 1264 4414 Peter.
1288 4364 1315 4413 Μ
1337 4365 1415 4434 qood.

334 4427 383 4469 rasta
398 4415 538 4472 sedebatur.
556 4418 612 4474 Aln
629 4431 674 4473 atr.
694 4417 769 4476 susle.
892 4425 930 4482 sis
945 4441 1022 4498 saepe
1038 4435 1134 4482 nmtsr.
1153 4427 1184 4484 V·
1202 4435 1230 4482 et
1246 4427 1278 4482 ll.
1297 4431 1320 4483 8.
