3040 5264
409 398 487 466 nn
522 399 579 465 111⁶
614 407 707 467 orn
752 395 856 495 1—4.
1126 379 1188 512 89
1245 397 1251 404 '

536 524 555 570 Ι

79 609 230 704 propter
247 605 485 704 iniquitatem
502 605 595 698 loci,
621 633 739 706 quum
767 607 836 708 ipsi
864 632 910 682 ex
936 609 1128 686 montibus
1149 613 1189 686 in

79 719 213 792 vallem
241 718 482 796 decurrerent
508 729 548 796 et
574 724 650 798 tela
676 726 926 816 coniicerent,
950 749 997 797 ne
1023 727 1189 825 primum

79 837 227 934 quidem
244 861 352 936 posse
377 839 547 938 inpetum
574 865 684 914 suurn
712 843 885 916 sustineri
912 841 1187 918 existimabant

41 1029 44 1036 ,
72 953 311 1043 Accedebat,
337 954 438 1052 quod
465 980 551 1029 suos
578 957 625 1028 ab
654 983 692 1030 se
711 957 847 1058 liberos
866 958 1076 1032 abstractos
1093 961 1190 1032 obsi·

79 1069 168 1140 dum
187 1071 338 1142 nornine
356 1069 557 1145 dolebantt
575 1079 613 1146 et
632 1073 823 1146 Romanos
841 1095 915 1144 non
935 1071 1055 1143 solum
1075 1074 1188 1146 itine-

76 1211 159 1258 rum
187 1211 337 1276 caussa,
362 1187 426 1260 sed
453 1189 567 1262 etiam
594 1197 792 1290 perpetuae
818 1191 1077 1288 possessionis,
1101 1190 1188 1284 cul·

77 1304 175 1375 mina
198 1301 350 1402 Alpium
377 1328 561 1404 occupare
588 1307 715 1380 conari
742 1312 783 1379 et
808 1330 849 1378 ea
876 1305 958 1378 loca
992 1304 1187 1383 finitumae

76 1421 288 1520 provinciae
306 1421 526 1524 adiungere,
546 1421 614 1496 sibi
635 1447 850 1522 persuasum
868 1421 1071 1494 habebant

125 1537 160 1612 3.
188 1527 254 1611 His
274 1539 417 1612 nunciis
436 1538 621 1638 acceptis,
648 1537 789 1629 Galba,
815 1553 932 1636 quum
951 1561 1070 1635 neque
1091 1561 1186 1636 opus

76 1647 316 1724 hibernorum
350 1653 650 1750 munitionesque
683 1653 791 1753 plene
823 1657 946 1724 essent
977 1651 1187 1752 perlectae,

76 1790 193 1865 neque
220 1767 265 1841 de
292 1757 481 1842 frumento
508 1767 725 1868 reliquoque
745 1773 958 1842 commeatu
977 1768 1067 1840 satis
1086 1776 1184 1842 esset

78 1883 289 1976 provisum,
315 1883 435 1981 quod,
462 1883 648 1958 deditione
673 1884 772 1957 lacta
793 1882 1056 1981 obsidibusque
1075 1891 1187 1955 acce·-

76 1995 174 2091 ptis,
191 1995 281 2068 nibil
300 1996 460 2071 debello
480 1997 689 2072 timendum
709 1999 1011 2088 existimaverat,
1030 1989 1185 2070 consilio

77 2110 244 2188 celeriter
262 2121 490 2208 convocato,
507 2116 711 2219 sententias
730 2116 923 2212 exquirere
943 2114 1080 2212 coepit.
1099 2115 1186 2208 Quo

74 2223 111 2296 in
136 2227 309 2320 consilio,
335 2253 451 2328 quum
480 2237 629 2305 tantum
655 2229 836 2329 repentini
858 2227 1010 2328 periculi
1030 2235 1181 2327 praeter

78 2342 287 2439 opinionem
315 2346 535 2438 accidisset,
568 2372 612 2420 ac
639 2347 712 2434 iam
741 2347 866 2418 omnia
893 2345 968 2418 lere
994 2347 1186 2442 superiora

75 2455 155 2532 loca
180 2459 421 2536 multitudine
448 2467 681 2538 armatorum
708 2460 896 2561 completa
922 2461 1185 2561 conspiceres-

75 2580 152 2666 tur,
170 2602 290 2676 neque
308 2579 472 2654 subsidio
488 2579 626 2671 veniri,
643 2599 763 2678 neque
777 2585 1012 2652 commeatus
1026 2601 1186 2678 suppos-¹

74 2695 141 2766 tari
157 2695 368 2769 interclusis
384 2697 580 2770 itineribus
594 2701 759 2794 possent,
773 2717 887 2794 prope
902 2695 976 2767 iam
993 2679 1187 2794 desperata

74 2810 202 2902 salute,
219 2812 417 2886 nonnullae
432 2812 642 2888 huiusmodi
658 2810 864 2911 sententiae
878 2811 1112 2904 dicebantur,
1127 2819 1186 2902 ut,

75 2926 333 3027 inpedimentis
352 2929 511 3020 relictis,
536 2931 730 3029 eruptione
750 2927 872 3018 facta,
895 2928 1027 3002 iisdem
1047 2932 1188 3004 itineri·

73 3037 159 3130 bus,
187 3045 324 3142 quibus
350 3063 395 3116 eo·
422 3045 698 3142 pervenissent,
725 3041 770 3116 ad
797 3041 957 3114 salutem
982 3042 1188 3116 contende-

74 3165 168 3233 rent,
196 3161 330 3234 Maiori
356 3165 483 3270 tqmen
509 3161 607 3259 parti
634 3155 796 3259 placuit,
823 3158 895 3232 boc
921 3168 1112 3234 reservato
1140 3157 1189 3232 ad

73 3283 285 3350 extremum
313 3275 489 3361 consilio,
516 3276 667 3348 interim
689 3276 742 3349 rei
765 3281 944 3350 eventurn
963 3278 1121 3376 experiri
1147 3281 1189 3349 et

74 3396 195 3462 castra
215 3389 424 3463 defendere·

120 3511 156 3594 4.
182 3499 295 3580 Brevi
319 3507 441 3605 spatio
462 3503 683 3594 interiecto,
710 3503 775 3576 vix
795 3503 911 3576 uthis
929 3501 1061 3592 rebus,
1087 3520 1181 3600 quas

74 3623 371 3712 constituissent,
385 3619 626 3694 conlocandis
645 3626 758 3716 atque
776 3615 1078 3720 administrandis
1093 3622 1188 3687 tens⁴
1275 3625 1278 3634 '

102 3783 180 3818 mum.
210 3765 234 3818 E
261 3765 338 3820 codd.
363 3775 391 3818 et
418 3763 478 3818 edd.
501 3765 594 3835 priscis
696 3779 760 3832 opus
777 3760 874 3812 bidem.
890 3764 1187 3840 munitionesqup.exss-

72 3834 185 3886 restituit
214 3833 338 3886 Oudend.
366 3831 430 3885 dein
457 3836 593 3893 sustineri,
661 3829 779 3884 dilisatio
803 3827 980 3881 tabernarum
1007 3828 1050 3880 M.
1086 3839 1121 3884 Es
1147 3819 1187 3884 utel
1275 3852 1283 3862 ·

72 3897 114 3951 otii
130 3905 264 3952 meinero.
283 3900 353 3954 istud
370 3901 475 3952 rectius.
662 3907 747 3962 obsto,
764 3904 795 3948 ut
811 3897 870 3946 Cir.
892 3913 924 3956 ι,
945 3911 985 3945 20.

104 3969 241 4020 Accedebat
262 3995 294 4006 -
314 3969 442 4019 dolebunt.
466 3967 593 4020 Cnossam
695 3968 895 4014 existimaveras.
912 3961 1078 4016 accensiores
1094 3965 1187 4016 aristi-

71 4028 153 4093 bsnc,
173 4053 282 4106 namque
300 4033 372 4086 band
394 4033 475 4086 dubie
496 4038 594 4103 gravis·
659 4042 751 4085 nsum.
840 4069 843 4076 .

72 4099 163 4154 simam
172 4121 237 4219 Βίης
253 4103 347 4154 catoris
364 4111 438 4171 urget
455 4101 504 4152 lul.
524 4100 593 4154 Cels.
676 4097 810 4217 lossrrsilr'lq.
834 4097 879 4150 Sic
904 4095 982 4152 codd.
999 4104 1027 4148 et
1044 4095 1102 4150 odd.
1119 4105 1184 4150 vett·

92 4173 154 4218 .5·.
204 4204 211 4220 ,
660 4168 706 4222 aii
723 4169 836 4216 com'io.

73 4181 229 4288 piabat-um.
247 4235 287 4287 lta
305 4233 370 4287 boni
388 4233 464 4288 codd,
482 4233 528 4286 alii
550 4238 593 4286 iu'-
693 4238 732 4284 rei
744 4245 858 4282 evacuans
874 4223 994 4296 experiri.
1011 4229 1056 4284 Sic
1072 4239 1100 4282 et
1111 4229 1185 4282 Curta

72 4303 156 4364 neris,
194 4303 247 4356 uod
266 4302 390 4374 praetulit
406 4301 508 4355 Clarke.
661 4301 693 4361 8,
713 4297 751 4350 13.
768 4298 836 4351 Edd.
856 4309 919 4350 vatt-
931 4299 1059 4350 omittunt
1075 4302 1121 4348 rei.
1134 4296 1185 4350 Ur·

103 4371 157 4420 siit.
204 4389 235 4423 oo
259 4369 293 4424 ud
310 4375 336 4425 ri
352 4372 489 4440 adiungere
513 4369 593 4420 rosere
659 4369 734 4420 sinus
753 4365 869 4420 malebas
885 4370 1005 4435 opperiri.
1025 4367 1129 4426 [rostra.

73 4429 186 4489 Vossius.
357 4467 360 4474 .
692 4435 874 4498 amnuo,
889 4434 1061 4488 instituendis
1072 4471 1080 4492 .
1097 4431 1186 4501 dispo-

170 4535 330 4612 CAESAR.
356 4537 535 4612 Commen.
579 4533 731 4611 Toml.
937 4534 978 4609 M
