3000 5268
1050 237 1055 266 t

1054 413 1140 514 ¹97

96 633 147 690 ro.
170 615 322 689 Interim
341 617 469 717 paucis
488 623 572 718 post
592 619 721 692 diebus
738 619 782 694 fit
800 618 847 692 ab
863 617 969 694 Ubiis
988 621 1148 714 certior,

50 728 174 804 Suevos
199 759 326 806 ornnes
353 759 469 808 unum
497 735 688 822 inlocum
720 738 847 836 copias
874 762 1006 838 cogere
1034 745 1147 836 atque

50 850 85 920 iis
109 851 334 938 nationibuS,
352 875 446 948 quae
473 853 542 924 sub
570 876 702 926 eorum
719 854 794 925 sint
811 853 989 950 imperio,
1007 853 1149 926 denun-

50 968 152 1054 ciare,
171 969 222 1039 uti
234 965 382 1039 ¹aurulis
399 967 587 1066 peditatus
605 971 868 1068 equitatusque
887 971 1053 1045 mittant.
1081 973 1149 1046 His

51 1085 192 1184 cognitis
217 1085 349 1176 rebus,
375 1107 456 1156 rern
483 1085 767 1160 frumentariam
794 1085 987 1186 providet,
1017 1091 1150 1163 castris
1255 1161 1259 1172 ,

50 1197 205 1270 idoneum
227 1197 354 1272 locum
381 1199 532 1300 deligit,
548 1202 653 1276 Ubiis
670 1203 852 1299 imperat,
869 1207 912 1274 nt
934 1226 1070 1302 pecora
1089 1202 1152 1276 de-

51 1308 174 1384 ducant
199 1329 338 1410 suaque
366 1318 492 1386 omma
516 1339 562 1386 ex
582 1315 679 1416 agris
696 1317 744 1388 in
770 1315 906 1414 oppida
934 1315 1153 1406 conferant,

51 1422 202 1524 sperans,
233 1428 411 1502 barbaros
444 1437 558 1528 atque
591 1433 771 1530 inperitos
805 1433 996 1522 homines,
1027 1433 1152 1532 inopia

49 1541 257 1618 'cibariorum
285 1544 480 1636 adflictos,
497 1545 546 1620 ad
563 1549 731 1646 iniquam
759 1548 946 1650 pugnandi
968 1550 1153 1622 conditio-

53 1683 123 1734 nem
148 1685 252 1762 posse
280 1662 433 1736 deduci:
461 1663 638 1754 mandat,
655 1670 700 1737 ut
717 1665 868 1737 crebros
895 1663 1152 1763 exploratores

52 1775 83 1848 in
113 1779 248 1852 Suevos
285 1779 470 1867 mittant,
506 1804 675 1878 quaeque
716 1781 814 1879 apud
851 1806 913 1854 eos
948 1787 1155 1880 gerantur,

52 1901 272 1991 cognoscant.
329 1895 384 1966 tui
418 1895 601 1992 imperata
631 1897 774 1968 faciunt
801 1903 839 1968 et
865 1897 993 1993 paucis
1021 1897 1154 1970 diebus

53 2002 252 2080 intermissis
276 2008 461 2110 referunt,
487 2008 619 2084 Suevos
647 2036 786 2099 omues,
814 2024 1046 2108 posteaquam
1074 2037 1155 2084 cer-

54 2127 145 2196 tiores
175 2131 303 2198 nuncii
325 2126 370 2198 de
400 2131 560 2198 exercitu
585 2125 831 2198 Romanorum
866 2131 1043 2215 venerint,
1072 2153 1156 2199 cum

54 2238 196 2310 onrn'bus
230 2243 310 2311 suis
343 2245 592 2338 sociorumque
625 2243 767 2338 inpiis,
802 2265 892 2338 quos
927 2247 1156 2338 ocigissent,

51 2359 175 2448 penitus
197 2357 252 2430 ad
273 2372 454 2432 extremos
472 2351 573 2452 fines
597 2382 675 2428 sese
701 2361 893 2452 recepisse:
922 2357 1047 2430 stivam
1080 2383 1157 2432 esse

55 2469 97 2540 iti
108 2469 245 2566 infinita
262 2472 531 2572 magnitudine,
547 2498 638 2570 quoe
654 2471 854 2570 adpellatur
870 2471 1046 2561 Bacenis,
1064 2474 1158 2548 leone

57 2589 147 2688 longe
163 2597 339 2664 introrsus
361 2595 539 2690 pertinere
555 2603 609 2678 et,
625 2615 692 2688 pro
710 2595 828 2664 nativo
845 2616 947 2662 muro
966 2591 1157 2680 obiectam,

56 2703 238 2779 Cheruscos
255 2707 300 2780 ab
317 2703 461 2793 Saeuis,
478 2701 679 2802 Suevospue
700 2703 748 2774 ob
774 2703 990 2790 Cheruscis,
1014 2709 1159 2778 iniuriis
1256 2757 1259 2762 -

57 2819 372 2919 incursionibusque
411 2818 625 2918 prohibere:
662 2819 712 2891 ad
748 2823 823 2890 eius
867 2813 1010 2892 initium
1047 2821 1161 2894 silvae

55 2925 171 3005 Suevos
196 2935 386 3010 adventum
411 2934 656 3006 Romanorum
688 2947 893 3030 exspectare
923 2937 1160 3007 constituisse.

105 3073 157 3120 11.
179 3051 370 3143 Quoniam
399 3047 445 3121 ad
473 3049 573 3122 hunc
591 3048 717 3121 torum
744 3053 967 3148 perventum
987 3056 1065 3138 est,
1083 3075 1160 3122 oon

57 3161 204 3240 alienum
232 3191 310 3241 esse
338 3165 510 3256 videtur,
529 3167 574 3240 de
597 3161 739 3240 Galliie
767 3165 1063 3264 Germaniaeque
1082 3191 1162 3241 mo·

58 3275 167 3370 ribus,
191 3287 232 3356 et
259 3301 334 3380 quo
360 3279 537 3354 differant
560 3305 627 3353 eae
654 3282 825 3354 nationes
850 3281 948 3352 inter
974 3305 1051 3353 sese
1077 3273 1163 3380 pro-

326 411 407 472 urn.
440 387 623 474 ursone.
659 381 746 474 8—1
767 417 802 476 1.
849 415 850 418 ‘

87 3523 127 3572 snt
142 3537 229 3576 cortem
246 3529 300 3577 emt
316 3530 376 3594 aurp.
393 3523 439 3577 alii
456 3534 522 3576 sunt.

88 3595 204 3658 austeros.
240 3593 285 3646 Sic
306 3593 381 3646 Leto.
405 3593 471 3644 Csd.
497 3603 527 3643 ut
549 3595 574 3653 8,

59 3659 179 3782 {tn-sulp}8
189 3664 328 3723 umens,
346 3671 378 3712 ut
394 3669 423 3725 4,
441 3663 464 3710 6.
484 3676 514 3724 7,
533 3676 573 3711 20.

90 3763 257 3868 od'ireiquam.
275 3793 321 3848 etii
337 3795 373 3846 ad
388 3795 511 3874 aliquam.

90 3858 186 3930 nfinita
200 3864 383 3932 magnitudine.
401 3862 446 3914 atu
458 3863 575 3936 infinitas

59 3931 230 4042 Ξῒὲπὲιιιάἰηὺ
247 3929 290 3982 vet
307 3929 437 4002 infinitam
451 3933 576 4000 magnitu-

91 4059 199 4140 quenis.
216 4063 318 4118 Omnes
332 4063 498 4136 properando
513 4079 578 4116 rern-

63 4137 185 4205 sentiunt,
202 4131 269 4186 hanc
288 4134 368 4184 tuisse
396 4141 496 4202 partem
514 4132 578 4182 lter-

64 4199 579 4320 terentesnunninae:

66 4328 160 4400 niturus
184 4336 220 4385 sic
245 4304 377 4405 disputat:
396 4337 457 4452 quia
474 4305 579 4384 &cenis

65 4408 90 4442 tu
106 4404 225 4453 extremis
242 4403 383 4454 Cattorurn
413 4403 492 4460 uerit,
507 4406 580 4463 (narn

66 4459 130 4516 (jetti
155 4467 280 4522 sederunt
307 4467 360 4532 itii,
386 4467 435 4522 ubi
463 4469 581 4520 Caesaris

639 3521 719 3577 'Sneri
742 3533 811 3578 arnt.
838 3523 871 3575 cs.
893 3541 919 3590 ι,
939 3527 978 3589 54.
1002 3533 1032 3590 4,
1053 3520 1077 3576 3.
1112 3524 1165 3579 Seri

640 3591 673 3644 cle
690 3591 732 3643 his
749 3602 853 3662 praeter
877 3593 942 3644 alius
967 3594 1020 3660 egit
1042 3592 1083 3643 111.
1101 3591 1166 3645 Bue-

641 3660 732 3710 navius
751 3663 778 3708 in
796 3657 905 3710 historia
923 3661 1029 3729 imperii
1054 3661 1167 3712 Germa·

641 3727 694 3778 nici
711 3725 738 3776 P.
757 3726 778 3776 1.
823 3730 880 3777 .28
896 3735 924 3776 et
941 3725 992 3791 32)
1017 3734 1044 3776 et
1067 3726 1101 3777 ab
1124 3725 1167 3778 his

642 3794 788 3846 seiunxerit
816 3793 819 3798 “
845 3811 963 3860 eruscos,
982 3793 1115 3863 Visurgim
1127 3795 1168 3844 iu-

642 3869 683 3912 ter
709 3869 738 3912 et
765 3860 857 3912 Atbim
885 3859 1054 3920 habitantes,
1083 3859 1169 3912 rideri

643 3927 754 3980 Bacenin
773 3946 826 3978 non
846 3929 920 3996 longe
940 3930 1036 3980 afuisse
1058 3926 1092 3980 ab
1114 3927 1169 3979 iltis

641 3997 710 4046 item
731 3997 789 4047 niae
801 3993 881 4048 sitvue
899 3995 1029 4066 reliquiis,
1042 4013 1109 4064 quae
1127 3994 1170 4048 ho·

644 4063 687 4116 die
709 4066 831 4134 ¹truatur
846 4067 894 4114 der
910 4063 998 4114 Here.
1016 4062 1118 4115 Eodem
1129 4063 1171 4114 in·

642 4131 726 4182 rtinat
742 4129 887 4182 Baenrvins
903 4129 920 4180 t.
933 4149 954 4184 c.
973 4149 1000 4202 p.
1020 4139 1060 4194 24.
1076 4129 1171 4182 Errar-

645 4198 744 4250 dusde
761 4199 955 4251 Germanorum
978 4213 1078 4266 origine
1130 4199 1198 4264 96..
1271 4193 1274 4206 '

645 4283 674 4336 p.
693 4271 749 4316 ert.
769 4285 825 4316 eam
843 4267 944 4336 quaerit
967 4267 1036 4316 inter
1059 4265 1079 4314 F
1082 4284 1097 4316 u
1109 4263 1171 4319 darn

642 4331 1015 4470 ietssoitiveiriiiaeiiJrTsneiispiariqs,
1029 4417 1080 4470 qua
1091 4397 1176 4452 Sneri

648 4477 724 4528 sunt,
741 4468 774 4520 aet
792 4467 857 4520 tima
873 4469 1029 4522 suevorum.
1047 4467 1091 4519 M.
