3068 5260
369 305 397 398 6
711 333 784 396 ‚un
809 305 953 394 nuum
988 331 1111 392 osan.

365 539 411 616 Id
436 539 508 614 lr'oc
534 536 679 612 facilius
705 536 756 612 eis
782 537 986 636 persuasit,
1010 531 1113 634 quod
1132 531 1294 632 undique
1312 533 1390 606 loci
1416 561 1485 606 na-

366 660 455 728 tura
486 653 650 726 Helvetii
689 653 960 726 continentur:
999 673 1073 724 uua
1107 671 1151 722 ex
1188 655 1293 746 parte
1327 646 1486 722 flumine

366 765 526 857 Rheno,
551 765 732 838 latissimo
758 771 872 864 atque
899 764 1108 854 altissimo,
1142 765 1204 860 qui
1232 787 1363 862 agrum
1395 763 1487 832 Hel-

367 884 512 960 vetium
540 907 562 954 a
589 881 785 954 Germanis
812 879 975 968 dividit;
1000 877 1116 953 altera
1144 903 1189 950 ex
1217 883 1321 975 parte
1349 881 1484 946 monte

366 999 453 1070 lura
478 997 683 1084 altissimo,
709 997 773 1092 qui
800 1001 856 1068 est
881 996 979 1068 inter
1003 995 1195 1092 Sequanos
1213 1001 1251 1067 et
1270 990 1486 1078 Helvetios3

366 1115 480 1184 tertia
506 1111 593 1184 lacu
617 1112 809 1184 Lemanno
827 1117 865 1184 et
883 1107 1035 1184 flumine
1062 1109 1271 1192 Rhodano,
1299 1107 1363 1204 qui
1392 1131 1483 1205 pro·

365 1210 529 1300 vinciam
570 1233 736 1301 nostram
773 1224 820 1298 ab
853 1225 1034 1298 Helvetiis
1073 1225 1220 1297 dividit.
1262 1225 1329 1297 llis
1365 1225 1483 1295 rebus

363 1341 478 1416 fiebat
502 1395 513 1430 ,
536 1348 579 1414 ut
605 1348 644 1414 et
670 1342 792 1418 minus
818 1339 892 1414 lale
921 1345 1147 1440 vagarentur
1164 1345 1203 1412 et
1221 1340 1346 1412 suinus
1371 1339 1483 1411 facile

259 1441 262 1446 ⁵
365 1445 531 1532 finitimis
575 1457 715 1530 bellum
753 1457 888 1530 inferre
929 1463 1078 1556 possent
1109 1483 1119 1527 s
1159 1455 1314 1554 quade
1350 1481 1485 1530 caussa

365 1575 535 1650 homines
561 1571 720 1646 bellandi
747 1574 869 1672 cupidi
898 1599 1034 1674 magno
1055 1573 1180 1647 dolore
1200 1574 1484 1647 adliciebantur.

365 1693 439 1764 Pro
459 1691 695 1763 multitudiue
721 1698 847 1764 autem
868 1691 1090 1779 hominum,
1114 1695 1153 1764 et
1171 1715 1240 1791 pro
1257 1689 1373 1791 gloria
1395 1689 1483 1764 belli

366 1813 480 1902 atque
506 1806 754 1895 fortitudinis,
778 1813 957 1903 angustos
983 1829 1022 1878 se
1048 1805 1130 1878 linis
1157 1805 1293 1878 habere
1311 1805 1481 1886 ,arbitra-

365 1919 531 2004 bantur,
559 1923 622 2019 qui
649 1923 686 1994 in
712 1919 981 2019 longitudinem
1009 1919 1110 1996 milia
1136 1943 1311 2021 passuum
1331 1921 1482 2004 CCXL,

365 2036 405 2110 in
431 2037 666 2112 latitudinem
693 2038 860 2110 CLXXX
885 2036 1078 2134 patebant.

418 2151 454 2224 3.
480 2152 546 2224 His
571 2152 683 2226 rebus
711 2151 887 2240 adducti,
925 2156 963 2224 et
989 2149 1213 2224 auctoritate
1246 2150 1484 2250 Orgetorigis

366 2268 551 2362 permoti,
582 2267 862 2339 constituerunt
887 2289 954 2355 ea,
982 2291 1077 2364 quae
1099 2267 1146 2338 ad
1170 2264 1481 2364 proficiscendum

367 2383 627 2490 pertinerent,
658 2405 905 2484 comparatu
937 2382 1192 2456 iumentorum
1219 2387 1258 2455 et
1284 2403 1482 2454 carrorum

401 2689 516 2744 Helvetii
526 2695 695 2742 continentur.
712 2689 818 2742 Malunt
829 2691 889 2762 qui·
958 2695 1021 2754 180,
1053 2689 1192 2746 latitudini
1215 2695 1246 2744 80
1274 2690 1384 2744 miliari·
1408 2691 1481 2744 adsi-

366 2757 429 2811 dam
440 2763 618 2810 contineantur
630 2757 670 2810 vel
686 2762 888 2821 coutamur,
956 2769 1028 2826 grin.
1056 2759 1210 2810 Lectionum
1222 2758 1354 2827 vulgarem
1371 2757 1481 2811 defendi

368 2827 413 2878 sed
432 2825 498 2876 bene
515 2824 596 2876 habet
611 2823 755 2894 vulgatum.
785 2827 889 2879 Veteres
957 2845 1032 2906 posse
1055 2827 1151 2878 statuit
1172 2825 1300 2889 Hausius,
1324 2827 1346 2878 si
1368 2829 1481 2896 cogites,

369 2891 500 2944 editiones
511 2891 615 2944 addunt
627 2895 676 2942 tuti
691 2891 806 2944 Helvetii
821 2907 888 2944 soret.
956 2911 985 2944 ιιι
1003 2894 1035 2944 iis
1053 2891 1202 2962 regionibus
1226 2903 1284 2945 turn
1304 2895 1408 2962 mugnis
1429 2895 1480 2946 cir-

368 2959 459 3010 inritis
481 2957 615 3012 codicibus
639 2959 696 3011 MS.
730 2969 758 3010 et
791 2960 890 3014 Graeco
957 2959 1073 3012 coitibus
1090 2961 1124 3012 nd
1141 2960 1301 3030 superandos
1326 2969 1433 3014 montes
1456 2967 1479 3010 et

367 3026 520 3095 interprete.
539 3025 558 3076 1.
572 3024 602 3077 C.
614 3025 650 3076 H.
667 3044 716 3096 pro
732 3025 782 3078 loci
793 3041 889 3080 nature
956 3026 991 3078 ad
1009 3026 1130 3080 vitandos
1147 3027 1219 3080 lacus
1236 3045 1304 3098 opus
1323 3027 1414 3079 fuisso.

368 3097 417 3143 turi
440 3091 522 3144 dabat
544 3091 606 3143 loeis
627 3105 724 3144 natura
746 3095 816 3146 tutis.
844 3095 890 3148 sed
991 3095 1056 3162 lege.
1075 3095 1144 3148 Cum
1162 3113 1253 3148 omnes
1276 3103 1364 3148 ratum
1382 3093 1479 3148 babue-

368 3160 466 3212 rectius
501 3167 632 3230 postrema
666 3178 717 3214 vox
745 3161 834 3214 exulat
863 3171 890 3214 et
957 3162 1029 3224 rint,
1047 3162 1118 3232 qnod
1135 3159 1160 3216 Ο
1180 3163 1273 3214 ἐἰοιιι
1292 3162 1397 3216 civitati
1440 3180 1480 3211 er·

247 3267 250 3274 .
365 3225 505 3278 volutum
521 3228 657 3278 retinetur.
957 3239 1089 3292 senserat,
1111 3249 1151 3282 res
1192 3237 1275 3282 cereta
1299 3228 1399 3282 dicitur
1441 3246 1480 3291 sse·

402 3261 542 3344 demnas.
555 3293 608 3346 sie.
620 3294 716 3348 Strabo
727 3293 746 3347 Ι.
755 3303 778 3360 4.
792 3315 819 3366 p.
832 3297 889 3361 ²⁰3·
958 3295 1006 3348 Est
1027 3315 1086 3366 ergo
1108 3297 1164 3364 legs
1191 3297 1278 3360 idem,
1304 3296 1376 3367 quod
1397 3283 1478 3354 alili,

368 3365 486 3428 Διμὲνναν
497 3371 588 3422 voest,
605 3360 641 3414 du
662 3362 707 3415 lici
725 3361 822 3415 littera.
957 3365 1064 3416 consilio
1079 3365 1179 3434 publico
1197 3364 1239 3418 M.

369 3493 376 3506 α
392 3427 471 3502 finis.
505 3427 549 3480 Sic
565 3429 623 3482 eod.
641 3381 784 3498 Kongarsii.
807 3429 846 3482 Ita
863 3436 891 3480 et
991 3431 1036 3482 Aa
1064 3449 1108 3484 eas
1138 3449 1179 3482 res
1207 3427 1378 3548 cppficiendas
1414 3429 1482 3496 Org-

366 3510 397 3545 ιιι
408 3513 491 3545 trumo
503 3497 617 3560 Augusti
633 3514 664 3548 nn
675 3512 741 3550 orvis
753 3511 889 3550 sensuros.
957 3497 1050 3551 Malim
1066 3539 1074 3562 ,
1097 3499 1142 3552 Ad
1169 3515 1198 3550 sa
1250 3515 1290 3566 νς.
1310 3497 1404 3550 ceteris
1422 3516 1481 3548 om-

368 3563 404 3614 es.
422 3561 616 3633 Orthopraphis
632 3564 772 3616 Norisisnn
789 3563 848 3617 αδ.
957 3564 1038 3620 nibus
1054 3568 1177 3626 omissis,
1203 3583 1258 3617 non
1280 3573 1335 3616 tam
1357 3564 1480 3616 vitandae

400 3629 473 3679 milia
486 3631 657 3698 -patebunt
686 3631 792 3683 Nimius
816 3640 890 3682 uter·
957 3632 1083 3686 molestae
1100 3635 1265 3705 repetitionis
1286 3650 1394 3692 caussa,
1413 3647 1480 3702 quae

367 3712 420 3765 que
437 3713 563 3748 numerus
586 3697 710 3750 Cluverio
727 3698 817 3752 Germ.
835 3707 889 3750 ont.
957 3709 997 3752 est
1010 3702 1038 3752 in
1050 3702 1099 3755 hoc
1110 3702 1236 3771 scriptore
1249 3701 1386 3770 frequens,
1420 3715 1479 3750 uam

367 3777 395 3820 ι,
416 3771 439 3826 4.
457 3763 575 3824 ridetur,
593 3767 637 3816 cui
653 3765 682 3814 in
695 3765 891 3835 longitudinem
931 3783 933 3790 ’
958 3767 1030 3836 quod
1039 3769 1114 3822 codd.
1123 3769 1241 3820 variant:
1254 3765 1391 3820 usualius
1399 3718 1481 3818 inber

366 3830 432 3882 entis
449 3839 514 3882 sunt
535 3848 594 3894 ¹70,
619 3832 648 3883 in
668 3831 840 3886 latitudinem
858 3836 890 3884 80
956 3835 1149 3906 corfirmnmlas
1161 3853 1208 3906 pro
1217 3835 1399 3908 conficiendae
1413 3833 1481 3884 alins

366 3897 485 3956 circiter,
511 3897 615 3952 nhioeu
639 3905 798 3954 centonario.
832 3901 890 3955 Ad²
956 3901 1152 3974 legesprores3
1170 3902 1359 3954 aliusomnino
1378 3900 1480 3951 omittit

366 3963 464 4083 probat
487 3965 566 4018 Hadr.
608 3963 730 4020 Valesius
755 3973 784 4019 iu
809 3970 890 4021 notit
956 3969 1048 4028 verba,
1064 3971 1099 4022 od
1111 3989 1154 4021 sas
1163 3989 1204 4021 res
1212 3967 1391 4040 witliciemln's.
1404 3967 1479 4046 Quae

383 4029 438 4082 'all
457 4049 484 4108 p.
502 4031 561 4097 243.
595 4033 712 4087 Caesaris
728 4045 838 4098 autem,
855 4053 891 4087 an
958 4038 1068 4090 varietas
1097 4037 1203 4089 videtur
1227 4036 1261 4088 ab
1289 4033 1479 4106 iuterpretrbus

365 4083 467 4150 libraris
491 4118 562 4152 error
593 4102 648 4162 sit,
681 4101 813 4155 insertum
841 4111 889 4156 est.
957 4112 1027 4165 orta,
1051 4106 1164 4178 quinum
1175 4104 1243 4158 alius
1254 4103 1290 4154 acl
1301 4121 1332 4154 en
1344 4101 1437 4154 retulit
1448 4097 1479 4150 ad

366 4160 560 4244 metaphrastes
573 4234 578 4244 Ι
593 4169 720 4245 Crassus
757 4169 890 4240 vulgarem
956 4169 1025 4241 leges
1042 4173 1248 4234 confirmandas,
1274 4169 1342 4222 alius
1364 4169 1398 4222 ad
1421 4167 1479 4220 illas

366 4230 524 4294 terrionem,
544 4233 663 4288 miliariis
681 4235 708 4286 in
726 4237 811 4288 stadia
828 4255 891 4289 con·
957 4258 1048 4291 onsnes
1066 4259 1106 4292 res
1123 4237 1305 4293 conficiendas.
1326 4237 1368 4289 Μ.

366 4301 459 4354 versis,
478 4319 504 4350 sc
528 4301 607 4351 uitur.
627 4301 725 4353 Cellnr.
743 4303 890 4358 D’Anville
992 4306 1143 4378 Orgetorix.
1167 4307 1260 4358 Exstat
1279 4323 1376 4358 numus
1393 4319 1479 4370 argen-

368 4363 396 4440 in
421 4367 484 4420 Not.
507 4318 543 4420 de
567 4365 593 4419 lsi
618 4368 702 4424 Gaulo
726 4369 891 4441 longitudini
958 4382 1028 4436 bru,
1045 4375 1120 4430 euius
1134 4375 1293 4446 pareantica
1308 4367 1479 4460 otl'ertoaput
1510 4439 1520 4448 ·
