3040 5264
343 296 431 358 120
699 295 756 358 DE
791 291 925 358 asmo
959 295 1081 358 cast.

334 493 410 570 huc
444 501 595 596 postero
627 495 686 570 die
717 519 830 594 quarn
863 497 1153 596 frequentissimi
1182 493 1455 582 convenirent,

336 615 381 682 ut
415 609 460 682 de
495 634 625 684 eorum
664 607 861 710 postulatis
901 618 1157 712 cognosceret.
1212 595 1385 684 Interim
1415 607 1456 678 ad

335 725 573 814 Praefectos,
601 729 663 826 qui
692 752 778 800 cum
813 729 914 802 omni
948 731 1119 824 equitatu
1153 731 1456 810 antecesserant,

336 841 479 928 mitta,
495 842 557 940 qui
583 843 826 932 nunciarent,
844 866 890 916 ne
910 843 1035 916 hostes
1061 842 1200 942 proelio
1229 842 1458 914 lacesserent

337 963 397 1046 et,
415 957 444 1028 si
463 958 529 1054 ipsi
549 955 842 1047 lacesserentur,
857 961 1104 1050 sustinerent,
1124 957 1253 1057 quoad
1273 959 1361 1058 ipse
1380 978 1459 1028 cum

337 1073 505 1146 exercitu
533 1075 683 1171 propius
709 1073 937 1146 accessisset.

395 1211 453 1257 12.
479 1190 532 1259 nt
557 1187 702 1276 hostes,
729 1187 790 1260 ubi
817 1189 979 1287 primum
1015 1193 1164 1262 nostros
1190 1187 1352 1286 equites
1378 1206 1461 1256 cun·

336 1306 560 1398 spexerunt,
586 1314 749 1398 quorum
774 1311 857 1376 erat
883 1305 1047 1402 quinque
1075 1303 1218 1376 milium
1254 1319 1462 1384 numerus,

338 1440 457 1512 quum
475 1418 544 1515 ipsi
563 1442 636 1490 non
652 1416 810 1516 amplius
827 1419 956 1494 DCCC
975 1421 1120 1518 equites
1138 1420 1355 1504 haberent,
1370 1414 1462 1511 quod

337 1528 385 1618 ii,
403 1531 467 1628 qui
487 1531 738 1604 frumentandi
759 1557 890 1608 caussa
907 1536 1028 1608 ierant
1052 1539 1154 1608 trans
1179 1533 1364 1617 Mosam,
1382 1549 1462 1598 uon·

338 1647 428 1720 dum
457 1649 659 1738 redierant,
683 1649 771 1724 nihil
791 1650 1013 1724 timentibus
1039 1651 1197 1738 nostris,
1221 1645 1339 1746 quod
1357 1641 1461 1743 legali
1498 1701 1499 1726 r

337 1789 468 1838 eorum
496 1763 621 1862 paullo
649 1773 737 1842 ante
763 1792 785 1842 a
811 1768 967 1840 Caesare
994 1765 1262 1854 discesserant,
1293 1770 1412 1858 atque
1435 1759 1460 1828 is

339 1875 420 1952 dies
446 1878 604 1952 induciis
630 1885 712 1954 erat
742 1879 789 1952 ab
817 1881 868 1954 eis
894 1881 1056 1978 petitus,
1081 1883 1212 1978 inpetu
1243 1877 1380 1962 facto,
1405 1895 1460 1943 ce-

339 1992 470 2068 leriter
495 2001 643 2068 nostros
670 1995 998 2095 perturbaverunt.
1028 1997 1172 2070 Rursus
1197 1989 1459 2068 resistentibus
1498 1999 1499 2018 ¹

339 2109 495 2197 nostris,
523 2110 792 2186 consuetudine
818 2135 885 2183 sua
903 2109 950 2184 ad
968 2109 1078 2210 pedes
1103 2108 1366 2191 desiluerunt,
1383 2102 1459 2176 sub

338 2221 520 2324 fossisque
547 2225 650 2323 equis
677 2224 1005 2326 compluribusque
1034 2226 1171 2298 nostris
1197 2223 1382 2309 deiectis,
1408 2239 1460 2288 re-
1498 2303 1499 2316 ,

338 2335 464 2436 liquos
498 2342 535 2414 in
570 2340 697 2440 fugam
732 2341 973 2416 coniecerunt
1003 2345 1116 2437 atque
1150 2338 1206 2414 ita
1238 2333 1458 2436 perterritos
1498 2397 1499 2402 ,

340 2466 516 2554 egerunt,
533 2466 579 2534 ut
599 2482 672 2532 non
692 2459 793 2558 prius
811 2455 900 2557 luga
922 2455 1160 2546 desisterent,
1179 2479 1297 2553 quam
1317 2454 1358 2528 in
1377 2469 1458 2522 con·

341 2579 514 2668 spectum
541 2573 699 2673 agminis
725 2574 842 2646 nostri
868 2572 1067 2646 venissent.
1101 2573 1145 2644 In
1170 2593 1214 2644 eo
1240 2566 1391 2667 proelio
1415 2579 1456 2631 ex
1498 2583 1499 2658 ξ

343 2685 533 2782 equitibus
568 2689 703 2762 nostris
737 2687 1015 2762 interficiuntur
1049 2693 1213 2784 quatuor
1239 2689 1282 2758 et
1309 2684 1456 2778 septua·
1495 2661 1499 2796 l

343 2799 472 2897 ginta,
498 2801 536 2872 in
562 2801 620 2873 his
646 2803 704 2874 vir
730 2801 975 2890 fortissimus,
1001 2802 1107 2890 Piso,
1133 2799 1372 2896 Aquitanus,
1389 2810 1458 2860 am·
1498 2799 1499 2864 l

342 2911 509 3010 plissimo
543 2937 677 3015 genere
711 2921 841 3007 natus,
867 2918 973 2991 cuius
1007 2939 1101 2992 avus
1136 2915 1175 2988 in
1207 2914 1370 2990 civitate
1396 2923 1456 2975 sua

343 3053 502 3130 regnum
530 3033 761 3124 obtinuerat,
788 3034 928 3106 amicus
948 3031 995 3104 ab
1014 3033 1155 3104 Senatu
1181 3035 1313 3103 nostro
1341 3015 1455 3118 adprl·

343 3145 456 3240 latus.
483 3151 555 3223 Hic
582 3175 698 3249 quum
727 3150 831 3223 fratri
857 3147 1059 3222 intercluso
1086 3146 1134 3219 ab
1160 3145 1334 3220 hostibus
1362 3134 1455 3212 auxi·

344 3265 442 3340 lium
475 3269 613 3358 ferret,
646 3269 752 3342 illum
786 3291 833 3339 ex
865 3262 1030 3364 periculo
1065 3265 1224 3362 eripuit:
1258 3264 1339 3362 ipse
1366 3271 1452 3352 equo

343 3383 543 3458 vulnerato
569 3385 754 3472 deiectus,
772 3380 895 3479 quoad
921 3380 1066 3478 potuit,
1084 3373 1286 3454 fortissime
1305 3371 1454 3452 restitit.

344 3500 472 3591 Quum
512 3500 819 3586 circumventus,
851 3495 978 3570 multis
1014 3493 1228 3567 vulneribus
1268 3487 1452 3588 acceptis,

345 3615 558 3708 cecidisset,
579 3623 690 3712 atque
717 3613 753 3688 id
781 3611 916 3703 frater,
938 3612 1001 3709 qui
1028 3612 1103 3682 iam
1131 3609 1269 3708 proelio
1297 3619 1453 3682 excesse-

344 3735 426 3820 rat,
462 3731 592 3830 procul
628 3731 795 3802 animum
831 3727 1076 3814 advertisset,
1103 3725 1261 3798 incitato
1296 3740 1392 3820 equo
1417 3729 1450 3781 st
1498 3765 1499 3784 2

344 3839 519 3918 hostibus
543 3843 682 3922 obtulit
707 3852 821 3942 atque
847 3839 1069 3914 interfectus
1095 3844 1165 3913 est.
1498 3845 1499 3850 ’

344 4010 622 4158 aursus
639 4017 870 4160 rsuram

345 4143 447 4214 urgula
462 4165 478 4198 a
495 4161 549 4217 seq.
566 4163 628 4200 voce
645 4153 796 4216 seiungunt.

381 4277 501 4348 adfinis
528 4285 607 4351 equs.
640 4297 696 4336 nou
724 4280 795 4343 suis,
824 4275 871 4333 sed
971 4293 1004 4325 ex
1029 4293 1113 4352 persor
1303 4341 1331 4350 ..
1498 4317 1499 4340 ,

341 4337 537 4400 Romanarum.
937 4341 1022 4412 Vulgo
1039 4343 1172 4396 omittitur
1189 4349 1358 4414 praepositius
1498 4355 1499 4374 ¹
