3028 5258
413 271 494 358 rna.
529 299 589 357 111.
623 299 715 360 cnr.
755 262 964 393 76-78.'
1134 265 1226 404 547

148 511 222 599 νγ.
248 500 404 576 Postero
432 499 490 600 die
517 502 672 594 Caesar,
693 501 862 576 similiter
880 503 1088 602 praemissis
1108 509 1230 604 prima
1338 589 1341 597 ,

87 622 222 690 nocte
247 617 533 715 inpedimentis,
559 615 604 692 de
624 624 759 716 quarta
778 617 904 717 vigilia
922 621 998 716 ipse
1017 621 1229 718 egreditur,
1263 658 1265 662 ¹

89 737 176 820 ut,
202 731 233 803 si
259 753 334 828 qua
359 738 456 804 esset
481 733 644 832 inposita
670 732 869 806 dimicandi
897 735 1123 824 necessitas,
1163 760 1229 808 su·

84 841 231 916 bitum
258 869 388 920 casum
413 843 588 946 expedito
614 849 784 922 exercitu
810 846 965 920 subiret.
1018 849 1101 920 Hoc
1127 849 1229 924 idem

85 957 259 1056 reliquis
285 961 376 1034 fecit
402 961 543 1034 diebus.
572 963 717 1055 Quibus
743 962 854 1035 rebus
895 961 1104 1062 perfectum
1146 969 1228 1056 est,

87 1081 145 1148 ut
178 1077 364 1152 altissimis
390 1076 607 1152 fluminibus
632 1085 746 1178 atque
780 1077 1054 1176 inpeditissimis
1089 1079 1229 1152 itineri·

85 1189 178 1264 bus
197 1191 341 1266 nullum
360 1195 549 1294 acciperet
568 1192 860 1268 incommodum.
887 1193 1086 1290 Pompeius
1103 1195 1227 1284 enim,

86 1307 216 1402 primi
242 1306 314 1380 diei
340 1332 448 1381 mora
472 1307 616 1400 inlata,
639 1314 679 1384 et
702 1307 936 1406 reliquorum
962 1303 1107 1378 dierum
1142 1305 1224 1378 fru-

85 1427 184 1512 stra
208 1421 335 1498 labore
361 1431 554 1524 suscepto,
582 1447 700 1522 quum
725 1447 763 1498 se
785 1424 930 1523 magnis
950 1423 1145 1496 itineribus
1164 1447 1227 1496 ex-

87 1537 276 1612 tenderet
301 1547 339 1614 et
365 1565 599 1642 praegressos
625 1543 802 1640 consequi
821 1545 997 1637 cuperet,
1013 1551 1147 1638 quarto
1167 1539 1226 1622 die

88 1649 220 1724 finem
247 1655 424 1752 sequendi
450 1656 542 1730 fecit
567 1663 682 1754 atque
709 1655 809 1730 aliud
836 1657 905 1730 sibi
936 1657 1133 1731 consilium
1159 1682 1226 1731 ca·

92 1769 283 1866 piendum
315 1775 560 1848 existimavit.
665 1845 667 1852 .

94 1929 98 1936 ·
154 1884 219 1978 78.
246 1886 420 1975 Caesari,
453 1887 501 1960 ad
526 1887 672 1960 saucios
697 1885 960 1986 deponendos,
993 1883 1225 1986 stipendium·

90 2002 287 2075 exercitui
314 2001 505 2092 dandum,
530 2004 651 2076 socios
677 2001 977 2099 confirmandos„
999 2001 1225 2100 praesidinm

92 2113 262 2186 urbibus
286 2115 599 2213 relinquendum,
637 2139 786 2189 necesse
825 2122 907 2188 erat
940 2113 1040 2186 adire
1068 2115 1225 2212 Apollo·
1323 2189 1325 2194 ,

95 2232 220 2304 niam.
246 2231 319 2304 Sed
343 2231 399 2306 his
424 2233 535 2306 rebus
561 2237 712 2306 tantum
731 2230 910 2330 temporis
929 2230 1081 2318 tribuit,
1102 2255 1224 2326 quan-

99 2353 191 2422 tum
219 2355 301 2422 erat
327 2350 543 2449 properanti
577 2368 747 2422 necesse:
786 2349 995 2444 timensque
1028 2349 1224 2444 Domitio,

95 2491 149 2539 ne
177 2466 343 2542 adventu
369 2467 537 2566 Pompeii
564 2471 923 2564 praeoccuparetur,
943 2463 1097 2536 adeum
1117 2468 1222 2542 omni

96 2579 296 2654 celeritate
323 2587 361 2654 et
388 2581 512 2654 studio
538 2581 717 2654 incitatus
743 2578 944 2652 ferebatur.
996 2579 1128 2650 Totius
1156 2605 1224 2653 au«

96 2703 183 2770 tem
209 2699 262 2770 rei
289 2697 486 2770 consilium
513 2698 570 2770 his
595 2697 802 2770 rationibus
829 2695 1065 2794 explicabat,
1101 2701 1163 2788 ut,
1189 2699 1221 2772 si

97 2811 303 2912 Pompeius
338 2810 470 2894 eodem
503 2809 772 2901 contenderet,
811 2809 1020 2883 abductum
1053 2808 1161 2884 illum
1188 2837 1222 2887 ·a

97 2931 197 3000 mari
224 2936 337 3028 atque
364 2931 411 3002 ab
438 2931 482 3002 iis
508 2929 646 3028 copiis,
679 2953 771 3026 quas
804 2928 1029 3024 Dyrrhachii
1070 2954 1240 3030 compa.

98 3051 277 3134 raverat‚
306 3044 501 3118 frumento
527 3068 571 3116 ac
598 3049 813 3116 commeatu
839 3042 1099 3132 abstractum,
1139 3044 1222 3142 pari

100 3161 317 3235 conditione
343 3161 428 3234 belli
456 3183 583 3234 secum
610 3159 802 3232 decertare
829 3165 998 3258 cogeret3
1026 3159 1056 3230 si
1082 3160 1121 3230 in
1146 3161 1222 3232 lta-

99 3273 190 3347 liam
215 3276 416 3366 transiret,
442 3276 644 3350 coniuncto
671 3273 839 3346 exercitu
859 3295 946 3344 curn
966 3271 1133 3344 Domitio
1152 3295 1224 3370 per

100 3387 292 3482 Illyricum
319 3389 448 3464 ltaliae
474 3389 637 3464 subsidio
664 3388 982 3486 proficisceretur3
1018 3385 1074 3456 sin
1101 3384 1220 3481 Apol-

100 3503 240 3578 loniam
268 3507 499 3604 Oricumque
525 3506 740 3605 obpugnare
768 3511 807 3578 et
833 3527 871 3576 se
893 3502 994 3574 omni
1014 3503 1219 3577 marituma

103 3646 168 3696 ora
193 3619 390 3698 ercludere
416 3627 652 3722 conaretur,
681 3623 828 3696 obsesso
863 3627 991 3694 tamen
1018 3619 1216 3720 Scipione,

103 3741 308 3814 necessario
332 3739 438 3812 illum
461 3741 535 3813 suis
554 3737 735 3813 auxilium
751 3740 846 3812 ferre
877 3745 1040 3842 cogeret.
1067 3741 1218 3838 ltaque,

103 3858 312 3956 praemissis
339 3856 484 3930 nunciis
510 3855 558 3956 ad
583 3856 651 3930 Cn.
670 3854 901 3947 Domitium,
917 3856 1053 3930 Caesar
1071 3856 1219 3956 scripsit

135 4152 308 4204 praegressos.
326 4133 372 4188 sic
382 4131 439 4188 cod.
450 4131 548 4186 boran.
559 4129 625 4186 vul-
725 4129 873 4200 olpugnore
889 4139 915 4180 et
932 4147 967 4181 sc.
989 4128 1046 4183 Alii
1063 4130 1217 4200 obpugnant

105 4219 136 4270 go
150 4219 308 4268 prrpressos.
692 4209 717 4250 st
734 4216 769 4250 se.
787 4205 814 4248 et
831 4193 921 4268 paullo
939 4204 1000 4248 ente
1017 4211 1107 4250 comm.
1124 4197 1217 4252 distre·

139 4269 273 4331 Donuu'o,
290 4271 338 4340 qui
355 4267 384 4324 io
400 4265 555 4322 Macedonia
572 4273 627 4320 erat
692 4277 767 4319 ctum.

107 4353 127 4390 e.
145 4333 184 4388 lo.
202 4336 245 4390 M.
368 4357 372 4364 ·
726 4331 852 4402 Scipione.
869 4327 923 4386 vid.
940 4348 963 4386 ο.
981 4329 1023 4386 36.
1039 4329 1085 4388 M·
