3000 5268
343 309 430 451 196
700 345 755 412 bn
791 347 925 412 nanno
960 345 1081 410 carn.

334 581 417 645 eos,
432 571 478 630 ex
493 551 648 628 civitate
665 581 867 630 excessere.
886 554 1135 657 Cingetorigi,
1150 577 1271 652 quem
1289 549 1339 627 ab
1353 553 1451 628 initio

333 675 576 774 permansisse
602 673 641 744 in
668 672 794 745 officio
821 669 1183 763 demonstravimus,
1213 673 1453 772 Principatus

334 796 445 886 atque
472 789 669 886 imperium
697 794 754 860 est
782 787 977 860 traditum.

385 927 422 998 9.
447 903 607 992 Caesar,
631 907 832 1001 postquam
851 925 897 974 ex
915 901 1095 1001 Menapiis
1122 901 1158 972 io
1185 901 1374 972 Treviros
1398 923 1454 971 ve·

334 1022 413 1108 nit,
438 1018 583 1092 duabus
610 1018 655 1092 de
681 1019 820 1092 caussis
845 1019 1021 1092 Rhenum
1047 1019 1205 1092 transire
1235 1017 1453 1091 constituit:

336 1161 496 1238 quarum
514 1143 596 1208 erat
613 1135 752 1224 altera,
777 1134 876 1232 quod
897 1135 1033 1210 auxilia
1062 1141 1192 1208 contra
1222 1159 1266 1206 se
1296 1133 1453 1206 Treviris

334 1259 534 1338 miserant;
553 1252 690 1340 altera,
710 1276 754 1323 ne
774 1253 970 1325 Ambiorix
997 1251 1044 1324 ad
1072 1277 1135 1324 eos
1161 1259 1368 1352 receptum
1395 1251 1455 1322 ha-

335 1371 452 1442 beret.
478 1370 546 1440 His
565 1367 782 1440 constitutis
809 1367 940 1456 rebus,
965 1365 1132 1466 paullum
1160 1391 1280 1465 supra
1304 1389 1392 1437 eum
1410 1361 1454 1434 to·

336 1507 444 1571 oum,
463 1507 538 1578 quo
564 1489 652 1554 ante
677 1484 883 1554 exercitum
910 1481 1191 1572 transduxerat,
1213 1481 1347 1554 facere
1374 1501 1455 1576 pon·

325 1608 414 1674 dem
441 1601 617 1670 institnit.
635 1601 752 1671 'Nota
779 1605 895 1696 atque
920 1601 1095 1671 instituta
1120 1600 1298 1686 ratione,
1326 1619 1454 1694 magno

336 1714 501 1786 militum
526 1713 671 1800 studio,
699 1714 981 1810 pancisdiebus
1008 1737 1100 1812 opus
1126 1714 1310 1787 efficitur.
1337 1711 1453 1782 Firmo

338 1829 377 1902 in
403 1829 568 1900 Treviris
595 1829 775 1926 praesidio
803 1829 851 1900 ad
877 1835 1032 1929 pontem
1058 1828 1210 1916 relicto,
1237 1852 1287 1900 ne
1315 1825 1398 1922 quis
1415 1821 1454 1892 ab

339 1946 383 2017 iis
402 1944 526 2016 subito
544 1953 671 2018 motus
698 1945 882 2035 oriretur,
898 1943 1060 2041 reliquas
1085 1945 1211 2043 copias
1230 1943 1456 2041 equitatum·

340 2081 412 2156 que
431 2061 652 2132 transducit.
678 2061 785 2147 Ubii,
799 2061 862 2164 qui
880 2066 967 2132 ante
984 2059 1129 2132 obsides
1144 2057 1333 2130 dederant
1350 2061 1454 2150 atque

340 2177 380 2250 in
397 2177 626 2250 deditionem
657 2183 855 2264 vetuerant,
874 2177 1056 2274 purgandi
1076 2176 1130 2248 sui
1156 2197 1294 2247 caussa
1311 2171 1455 2244 adeum

341 2294 483 2394 legatos
509 2295 689 2383 mittunt,
715 2295 778 2390 qui
806 2292 988 2380 doceant,
1012 2319 1126 2391 neque
1149 2317 1197 2365 es
1221 2318 1296 2364 sua
1321 2293 1455 2362 civitate

340 2411 481 2482 ouxilr'rz
504 2414 545 2482 in
579 2411 753 2483 Treviros·
768 2412 900 2498 missa,
916 2435 1027 2508 neqzae
1041 2409 1088 2481 ab
1105 2434 1145 2483 se
1157 2403 1281 2503 fidem
1312 2408 1454 2478 laesam:

342 2533 478 2627 petunt
505 2533 616 2624 atque
643 2531 774 2613 orant,
790 2538 830 2596 ut
846 2525 916 2597 sibi
938 2541 1085 2623 parcat,
1112 2551 1157 2598 ae
1181 2527 1370 2598 communi
1383 2520 1453 2592 odio

345 2640 600 2712 Germanorum
611 2693 622 2727 ,
635 2644 834 2711 iazaocentes
844 2667 911 2739 pro
923 2642 1128 2714 nocentibus
1142 2667 1279 2739 poenas
1294 2637 1454 2738 pendant:

345 2763 380 2828 si
403 2757 559 2851 amplius
587 2755 751 2827 obsidum
780 2757 882 2846 velit,
912 2757 999 2830 dare
1025 2758 1251 2854 polliceatur.
1306 2751 1455 2850 Cognita

347 2873 483 2944 Caesar
509 2895 638 2945 caussa
667 2874 824 2971 reperit,
843 2873 889 2944 ab
910 2873 1041 2945 Suevis
1066 2871 1202 2944 auxilia
1230 2875 1344 2946 missa
1372 2887 1454 2948 esse,

347 2990 532 3062 Ubiorum
563 2990 857 3064 satisfactionem
888 2991 1054 3088 accepit,
1085 2987 1207 3062 aditus
1241 2992 1397 3086 viasque
1423 2983 1454 3054 in

348 3105 491 3178 Suevos
515 3105 708 3204 perquirit·

383 3391 410 3442 in
429 3381 550 3442 flavitas
568 3393 643 3442 veuit.
664 3379 743 3442 Redit
760 3391 874 3444 narratio

350 3457 383 3512 ad
399 3476 422 3509 c.
441 3463 464 3509 6.
482 3467 549 3510 cxtr.
566 3458 610 3509 M.

383 3537 441 3575 arar
459 3525 553 3575 attera.
587 3523 621 3575 st.
645 3543 710 3586 una,
730 3523 777 3576 sed
798 3522 874 3578 codd.

351 3593 431 3644 multi
448 3591 548 3644 habent
564 3591 707 3660 vulgatum.

385 3672 476 3710 contra
499 3677 526 3710 se
551 3659 673 3711 Treviris.
713 3657 821 3713 Hotom.
850 3666 877 3710 et

351 3723 427 3779 Voss.
457 3727 537 3778 inseri
563 3725 657 3778 iubent
682 3727 820 3784 Germani,
847 3734 878 3776 ut

354 3795 401 3850 Gr.
420 3791 511 3854 babet,
529 3795 576 3846 sed
593 3793 692 3846 sufficit
707 3795 828 3864 intelligi.

386 3863 532 3914 Ambiorix.
550 3861 592 3912 Cf.
611 3881 632 3914 c.
653 3865 675 3912 5.
692 3861 730 3911 M.

388 3947 465 3998 supra
490 3947 545 3980 eum
572 3929 664 3978 locuni»
713 3929 752 3980 De
777 3945 878 3999 nupero

357 4005 437 4066 ponte
455 3995 507 4048 vid.
524 4007 551 4061 4,
568 3999 606 4060 17.
617 3997 670 4047 etsi
686 4011 740 4048 non
756 4006 878 4057 constat,

356 4081 410 4114 rao
439 4065 609 4142 potissimum
638 4061 695 4115 loco
723 4065 807 4117 facins
835 4065 878 4115 sit.

356 4083 489 4200 baroniam
515 4141 603 4182 aratam
629 4149 709 4201 pons,
734 4133 781 4203 qni
808 4145 880 4182 nuno

273 4211 276 4218 ¹
356 4197 400 4258 it,
418 4197 446 4248 in
464 4197 633 4249 Trevirorum
658 4197 777 4268 partibus
796 4199 880 4250 iactus

356 4275 409 4315 cst:
425 4283 486 4314 nam
504 4267 531 4316 in
542 4265 661 4318 'l'reviris
673 4267 831 4337 praesidinm
846 4266 879 4317 od

358 4341 468 4401 pontem
484 4331 605 4382 relictum
619 4349 674 4383 esse
688 4351 749 4384 mox
766 4333 878 4386 dicitnr:

356 4397 459 4452 viriatus
468 4398 557 4476 coliigi
570 4417 660 4469 posse,
673 4419 802 4471 sannanim
813 4418 882 4470 pon·

942 3395 996 3441 tem
1009 3389 1100 3460 paullo
1107 3407 1185 3461 snpra
1196 3391 1365 3442 Trevirorum
1376 3394 1455 3450 agrum

943 3467 1071 3510 structum
1097 3477 1159 3510 esse.
1186 3458 1315 3511 Cellarins
1338 3461 1382 3518 (ν.
1405 3459 1455 3523 ‘¹3¹²

943 3525 977 3578 ad
987 3539 1014 3590 4,
1028 3531 1071 3594 ¹9)
1082 3527 1258 3582 existimavit,
1272 3542 1331 3578 eum
1343 3523 1371 3572 iu
1382 3513 1455 3570 Uh10·

943 3611 1003 3644 rum
1021 3591 1119 3645 smibns
1137 3594 1225 3646 fuisse.
1242 3593 1285 3644 M.

982 3661 1047 3711 aaa.
1083 3661 1126 3711 cf.
1144 3670 1173 3725 4.
1194 3663 1232 3711 ra.
1252 3658 1356 3712 nram
1376 3655 1414 3703 at
1427 3647 1454 3695 de

945 3725 1045 3779 Suavis.
1064 3727 1107 3778 M.
1463 3769 1469 3782 .

979 3799 1006 3846 in
1015 3797 1170 3846 deditionem
1182 3806 1311 3846 sarcasmos.
1323 3789 1366 3842 Sic
1375 3791 1401 3836 ei
1407 3798 1425 3831 C·
1434 3772 1453 3854 73·

942 3871 973 3913 ct
990 3858 1057 3913 Hirr.
1077 3867 1103 3924 8,
1123 3861 1163 3912 31.
1182 3863 1282 3914 Contra
1298 3857 1338 3911 cd.
1355 3853 1453 3928 litim-m

943 3933 1082 3992 ditionem,
1098 3941 1129 3982 nt
1146 3929 1218 3998 upird
1235 3927 1292 3978 Liv.
1312 3942 1355 3992 29»
1372 3917 1408 3968 33¹
1419 3907 1453 3961 α’

946 3996 1033 4048 Brimo.
1050 3997 1083 4050 ad
1099 3997 1172 4050 Suet.
1190 3997 1242 4048 Vas
1279 4013 1299 4045 s.
1318 4001 1341 4056 t·

980 4083 1011 4114 ne
1035 4082 1123 4116 marni.
1147 4066 1214 4115 odio.
1279 4061 1339 4114 avis.
1362 4043 1451 4102 volebat

945 4149 1005 4193 rica,
1022 4133 1068 4186 sed
1086 4151 1117 4182 nc
1135 4131 1233 4204 pendet
1249 4151 1264 4182 a
1277 4131 1373 4198 paroal-

980 4203 1043 4250 dorc
1058 4201 1144 4268 pollis.
1161 4199 1195 4250 ai.
1212 4201 1278 4256 dur-i.
1433 4241 1438 4251 .

985 4267 1117 4318 Ubiorum.
1160 4267 1200 4318 Ita
1223 4265 1289 4318 bene
1309 4254 1380 4312 codd·
1402 4260 1450 4316 ‘1¹¹¹‘

945 4333 1016 4450 tvinnr.
1035 4334 1120 4450 wgo
1136 4337 1177 4386 ubi
1192 4335 1289 4386 bonam.
1302 4321 1389 4381 Simile
1399 4303 1450 4382 quii

966 4439 972 4452 .
998 4419 1005 4450 r
1017 4439 1026 4462 ,
1062 4431 1084 4466 9.
