3028 5258
376 355 456 424 mn:
491 345 550 422 nl.
586 361 680 421 cre.
720 323 900 446 84-86.
1101 323 1193 424 555

40 557 216 636 infirmas
252 558 396 636 radices
422 559 561 640 montis
598 563 717 637 aciem
757 559 988 649 instruebat3
1021 585 1196 662 semper,

44 682 100 748 ut
135 675 364 764 videbatur,
390 683 588 776 spectans,
622 680 653 752 si
681 677 818 775 iniquis
855 678 948 750 locis
987 677 1123 752 Caesar
1155 703 1195 752 se

46 794 286 868 subiiceret.
312 792 473 884 Caesar,
514 793 616 868 nulla
656 797 802 868 ratione
843 792 902 866 ad.
918 817 1081 894 pugnam
1110 796 1195 870 elici

45 934 177 1008 posse
203 909 424 1008 Pompeium
451 908 691 1000 existimans,
718 911 814 985 banc
840 909 909 982 sibi
937 910 1195 985 commodissi-

46 1049 173 1100 mam
200 1027 284 1100 belli
312 1028 496 1100 rationem
524 1027 725 1115 iudicavit,
753 1027 806 1100 uti
834 1032 958 1100 castra
976 1051 1024 1100 ex
1042 1051 1087 1100 eo
1108 1027 1194 1102 loco

11 1209 12 1212 ,
46 1147 242 1218 moveret
267 1167 488 1243 semperque
515 1151 611 1216 esset
638 1146 676 1216 in
693 1145 908 1217 itineribus:
928 1145 1000 1218 hoc
1019 1169 1194 1245 sperans,

48 1269 125 1350 ut,
143 1261 347 1336 movendis
362 1261 494 1334 castris
510 1257 752 1360 pluribusque
769 1259 947 1336 adeundis
960 1261 1073 1352 locis,
1090 1285 1195 1338 com-

49 1380 236 1454 modiore
265 1379 574 1453 frumentariam
603 1383 816 1450 uteretur:¹
835 1377 1020 1476 simulque
1053 1381 1093 1454 in
1124 1381 1192 1454 iti-

50 1519 153 1573 nere
181 1501 226 1568 ut
253 1494 418 1591 aliquam
450 1489 686 1564 occasionem
721 1491 924 1566 dimicandi
961 1494 1192 1568 nanciscere-

51 1621 157 1702 tur,
184 1619 222 1688 et
262 1611 456 1686 insolitum
496 1609 543 1682 ad
577 1600 746 1682 laborem
784 1611 952 1710 Pompeii
980 1614 1191 1688 exercitum

51 1727 295 1822 quotidianis
319 1723 517 1799 itineribus
542 1712 777 1824 defatigaret.
804 1727 871 1798 His
894 1727 1110 1798 constitutis
1129 1751 1191 1800 re-

52 1838 157 1930 bus,
184 1843 289 1942 signo
318 1842 394 1914 iam
422 1838 665 1938 profectionis
705 1839 820 1929 dato,
861 1840 1190 1938 tabernaculisque

55 1951 249 2044 detensis,
274 1951 576 2025 animadversum
596 1953 678 2044 est,
696 1953 821 2051 paullo
839 1961 1077 2045 ante‚.extra
1096 1979 1190 2052 quo·

55 2073 247 2144 tidianam
274 2067 605 2156 consuetudinem,
624 2060 771 2168 longius
796 2094 818 2141 a
841 2069 941 2142 vallo
971 2095 1047 2146 esse
1067 2073 1188 2148 aciem

56 2185 232 2284 Pompeii
258 2207 514 2285 progressam,
541 2188 584 2256 ut
611 2200 686 2256 non
713 2184 841 2280 iniquo
873 2181 958 2256 loco
989 2209 1094 2283 posse
1130 2187 1189 2260 di-

57 2303 199 2376 micari
219 2301 422 2375 videretur.
447 2301 556 2372 Tunc
575 2299 712 2372 Caesar
729 2298 829 2396 apud
847 2323 953 2389 suos,
973 2325 1092 2398 quum
1110 2303 1198 2377 iam·

60 2424 163 2492 esset
189 2440 323 2516 agmen
349 2416 388 2487 in
414 2413 554 2514 portis,
579 2409 828 2510 Deffmndum
844 2429 923 2508 est,
949 2419 1100 2516 inquit,
1118 2425 1188 2493 iter

59 2540 99 2608 in
128 2539 336 2636 praesentia
366 2533 467 2606 nobis
493 2545 528 2606 et
557 2530 602 2605 de
625 2532 760 2630 praelii>
790 2534 1052 2631 cogitandae,
1092 2533 1189 2611 sabat

60 2675 203 2748 semper
231 2649 528 2746 depoposoimus:
562 2651 682 2748 animo
712 2647 842 2718 simas
858 2647 909 2720 ad
936 2647 1187 2725 dimicandum

60 2772 186 2863 parati
191 2797 205 2852 ,·
236 2793 307 2839 nan
323 2763 444 2861 facile
459 2767 681 2836 occasionem
695 2775 820 2859 postea
837 2765 1076 2858 reperiemus:
1097 2789 1190 2840 con·

62 2880 263 2977 festimque
289 2877 482 2977 expeditas
508 2878 636 2974 copias
662 2874 801 2948 educit.
836 2937 839 2944 .
900 2937 905 2945 .

78 3021 83 3056 ³
115 2993 178 3068 86.
205 2995 403 3094 Pompeius
431 3014 601 3091 quoque,
629 2995 690 3062 ut:
707 2994 841 3088 postea
874 2989 1070 3086 cognitum
1105 2997 1190 3082 est,

66 3130 221 3187 tuorum
247 3112 416 3185 omnium
442 3109 598 3182 hortatu
622 3109 807 3178 statuerat
824 3102 965 3202 proelio
984 3104 1189 3182 decertare.

66 3212 238 3327 Namque
264 3227 380 3299 etiam
406 3225 446 3296 in
473 3219 629 3294 consilio
658 3218 910 3316 superioribus
933 3215 1063 3290 diebus
1080 3219 1190 3294 dixe-

68 3346 148 3429 rat,
172 3347 385 3442 priusquam
417 3347 668 3410 concurrerent
697 3335 793 3404 acres
810 3383 821 3418 ,
838 3323 959 3425 fore,
985 3337 1042 3402 ata'
1079 3357 1191 3407 eaer-

68 3459 160 3531 n‘tns
185 3457 349 3530 Caesaris
372 3451 571 3551 pelleretur.
603 3447 646 3521 ld
673 3469 763 3520 cum
788 3441 912 3520 essent
937 3443 1105 3544 plerique
1125 3445 1193 3520 ad-

662 3719 717 3766 tata
743 3709 807 3764 haec
832 3709 922 3764 omnia
950 3709 1043 3762 statim
1073 3709 1191 3768 tollenda

662 3781 733 3838 siut,
759 3777 913 3849 pracsertim
936 3788 997 3829 cun
1018 3779 1110 3848 paullo
1131 3793 1192 3834 ante
1268 3811 1270 3818 ι

662 3846 749 3918 possit
765 3845 902 3900 commode
920 3844 1042 3914 intelligi.
1061 3847 1104 3899 M.

92 3736 224 3810 'murana
240 3719 295 3774 Alii
308 3728 466 3788 exspectans.
480 3713 593 3786 (lb-cap.

92 3813 104 3843 a

75 3807 88 3856 7
105 3827 221 3910 detensis.
239 3853 295 3907 Alii
311 3851 380 3904 male
397 3853 512 3903 incensis.
535 3849 594 3902 Liv.

76 3935 103 3992 ln
119 3965 126 3988 ‚
143 3925 166 3984 3.
185 3921 347 3976 rabennantla
365 3919 512 3970 detendunt.

107 4004 177 4054 ante,
198 4004 275 4042 extra
286 3987 384 4058 quoted.
397 3999 508 4036 ortunae.
525 3985 597 4039 llaec

79 4070 184 4131 quanm
209 4055 287 4114 verba
304 4053 402 4108 absunt
419 4071 434 4105 a
450 4053 509 4106 cod.
527 4072 542 4104 ο
564 4053 597 4104 ti-

79 4145 134 4188 mo,
161 4120 286 4178 Leideusi
310 4123 406 4194 primo.
432 4120 500 4188 Ergo
528 4072 598 4172 blas·

80 4195 178 4250 claudus
204 4195 233 4246 in
260 4189 392 4268 Explicat.
421 4195 485 4240 vett.
514 4193 597 4238 auctt.

81 4279 105 4332 p.
128 4267 173 4324 275
196 4267 226 4312 ct
257 4257 314 4310 tollr
337 4255 411 4322 vult;
442 4271 496 4306 noa
525 4253 598 4305 enim

83 4330 211 4399 adparere,
228 4325 293 4399 quid
309 4325 346 4376 sit
360 4322 448 4392 paullo
458 4335 525 4372 ante.
544 4319 597 4398 Sed

84 4395 188 4454 dubito,
211 4403 246 4450 ab
271 4393 348 4446 unius
370 4389 468 4449 codicis
490 4395 596 4444 ariston·

663 3956 856 4092 codbftblbllb'l
867 3949 1192 4091 legebddmeogtbbsdblbll

663 4095 704 4150 εἰ,
721 4103 749 4141 ut
766 4105 864 4168 semper
879 4091 1086 4209 diqpoposaaaas,
1104 4093 1192 4138 armna

664 4167 865 4278 tuasne
918 4173 954 4205 ⁰⁸
977 4179 1017 4205 '''
1043 4155 1082 4205 ‘¹¹'
1100 4153 1192 4209 ΡΜ*

697 4321 725 4370 in
753 4317 867 4368 coasilio.
907 4313 993 4382 Vulgo
1021 4317 1048 4364 in
1075 4299 1203 4388 corratio„

664 4383 823 4442 Emendaeit
839 4381 909 4438 oud.
927 4391 955 4436 et
971 4384 1008 4436 sic
1025 4379 1085 4436 edd.
1104 4387 1170 4436 vett·
