2986 5268
346 325 440 416 282
709 353 764 416 nu
801 353 935 418 nunno
969 358 1090 420 osor..

345 553 515 634 b'ostibus
544 562 762 653 nunciatur,
795 565 832 636 iu
865 566 994 638 castris
1022 567 1279 640 Romanorum
1312 570 1457 664 praeter

347 677 652 752 consuetudinem
671 679 890 752 tumultuari
909 687 948 752 et
962 703 1139 778 maguum
1161 681 1213 754 ire
1231 703 1370 780 agmen
1398 683 1457 755 ad-

347 821 455 870 verso
481 795 653 886 flumine,
680 798 918 894 sonitumque
938 817 1126 870 remorum
1145 798 1182 870 in
1201 797 1332 874 eadem
1357 810 1455 897 parte

345 909 511 984 exaudiri
541 921 579 983 et
598 909 720 1009 proulto
747 911 843 982 infra
863 910 997 984 milites
1028 911 1185 982 navibus
1201 917 1457 1010 transportari.

346 1031 489 1122 Quibus
515 1029 626 1102 rebus
653 1028 807 1117 auditis,
834 1027 933 1124 quod
952 1028 1215 1102 existimabant
1233 1029 1358 1102 tribus
1375 1032 1457 1104 tucis

345 1145 502 1217 transire
529 1143 691 1242 legiones
718 1150 830 1240 atque
858 1167 1007 1230 ornnes,
1023 1145 1262 1240 perturbatos
1279 1143 1459 1217 detectio·

345 1285 391 1333 ne
419 1259 661 1348 Aeduorum,
682 1257 810 1358 fugam
837 1281 992 1354 parare,
1011 1283 1096 1330 suas
1114 1283 1263 1356 quoque
1278 1263 1410 1360 copias
1426 1266 1458 1334 iu

345 1377 412 1446 tris
440 1381 563 1472 partes
583 1373 864 1446 distribuerunt.
890 1373 1008 1462 Nam,
1026 1377 1064 1446 et
1094 1375 1275 1472 praesidio
1294 1399 1316 1448 e
1339 1377 1461 1474 regio-

345 1514 390 1560 ne
418 1495 627 1562 castrorum
655 1485 812 1578 relicto,
843 1493 881 1562 et
912 1511 1029 1586 parva
1068 1511 1182 1561 manu
1212 1488 1458 1562 Metiosedum

345 1625 473 1674 versus
503 1602 636 1690 missa,
665 1626 758 1700 quae
786 1607 935 1676 taurtum
952 1601 1254 1700 progrederetur,
1274 1611 1458 1698 quantum

344 1743 457 1790 naves
475 1719 754 1816 processissent,
773 1717 933 1816 reliquas
961 1719 1084 1816 copias
1102 1723 1233 1794 contra
1251 1719 1459 1794 Labienum

345 1833 543 1905 duxerunt.

395 1946 456 2020 62.
481 1947 605 2018 Prima
623 1944 705 2022 loce
733 1953 771 2022 et
798 1947 915 2022 nostri
937 1969 1065 2020 omnes
1083 1949 1190 2018 erant
1209 1945 1455 2044 transportati

345 2065 384 2132 et
410 2057 573 2135 bostium
602 2062 699 2134 acies
722 2063 955 2148 cernebatur.
983 2061 1192 2148 Labienus,
1226 2057 1368 2130 milites
1396 2085 1457 2134 co-

343 2175 537 2262 hortatus,
564 2191 603 2250 nt
628 2203 715 2250 suae
736 2181 912 2277 pristinae
937 2181 1077 2254 virtutis
1105 2188 1139 2247 et
1164 2188 1215 2246 tot
1244 2176 1457 2248 scomensis·-

342 2319 482 2366 morum
505 2295 721 2395 proeliorum
746 2297 956 2366 memorium
981 2298 1193 2378 retinerent,
1218 2305 1324 2388 ratque
1340 2297 1457 2388 ipsum

344 2411 553 2500 Caesarne,
568 2415 670 2484 cn‘us
684 2407 796 2482 ductu
812 2433 1061 2506 saepenumero
1079 2407 1198 2483 hostes
1211 2426 1438 2504 superassent
1444 2467 1457 2500 ,

338 2541 572 2624 praesentem.
589 2527 713 2600 adesse
737 2529 1009 2614 existimarent,
1047 2523 1112 2598 dat
1139 2525 1285 2624 signum
1313 2527 1455 2624 proelii.

342 2639 468 2712 Primo
495 2663 680 2712 concursu
704 2638 750 2712 ab
774 2637 907 2710 dextro
935 2661 1073 2728 corno,
1100 2638 1161 2710 ubi
1185 2638 1345 2737 septima
1364 2639 1457 2736 tegio

342 2753 589 2842 constiterat,
614 2752 739 2824 hostes
764 2749 955 2850 pelluntur
979 2759 1091 2849 atque
1114 2753 1152 2824 in
1180 2751 1309 2852 sugam
1340 2756 1456 2826 conii-

341 2866 518 2940 ciuntur:
545 2865 592 2939 ab
620 2867 792 2956 sinistro,
822 2891 932 2964 quern
958 2865 1083 2938 iocum
1112 2863 1334 2940 duodecima
1363 2866 1456 2964 tegio

340 2983 517 3073 tenebat,
544 3007 659 3079 quum
692 2983 801 3082 primi
831 2981 978 3056 ordines
996 2981 1160 3056 hostium
1188 2981 1354 3054 transfixi
1379 2983 1456 3082 pitis

339 3096 610 3188 eoncidissent,
650 3105 776 3188 tamen
822 3099 1002 3170 acerrime
1036 3094 1168 3193 reliqui
1209 3093 1456 3182 resistebant,

341 3195 412 3290 nec¹
436 3215 550 3288 dabat
584 3217 829 3314 suspicionem
862 3213 970 3314 sugere
1004 3213 1218 3311 quisquam.
1268 3213 1350 3311 lpse
1383 3211 1457 3285 dux

371 3453 529 3506 naminari.
563 3451 684 3510 Poenive,
700 3457 731 3500 ut
748 3447 798 3502 alis
814 3447 863 3501 dos

338 3523 471 3594 ponentis.
490 3521 521 3574 V.
538 3519 656 3572 Perizon.
674 3509 707 3570 sd
724 3513 813 3569 Ssuct.
831 3515 861 3578 3,

342 3586 500 3706 ¹¹appenditii
514 3666 600 3722 parte.
638 3649 694 3705 Alii
711 3655 738 3701 r'ri
754 3652 861 3702 eundem

299 3833 303 3839 .
334 3737 545 3840 pubiiii'bsedum.
557 3785 733 3863 videturesse
746 3785 861 3837 Marcion

336 3858 404 3908 inti-n
423 3855 566 3906 Lutetiam.
594 3850 664 3906 Muto
681 3853 725 3905 stri
744 3865 792 3922 pro
810 3859 861 3922 op-

336 3924 398 3994 pido
417 3922 521 3976 Corber'd
537 3919 645 3978 babent.
680 3919 800 3974 Discedit
817 3918 860 3970 bie

335 4011 349 4042 a
371 3989 476 4042 volesio
494 3999 521 4041 et
541 4008 568 4040 se
589 3986 697 4040 rioribus
719 3981 859 4038 D'Aurille

334 4059 363 4108 in
381 4057 445 4108 Nor.
470 4055 503 4108 de
528 4053 552 4108 la
570 4007 663 4108 brute
685 4072 711 4124 p.
730 4052 859 4132 4⁵⁶·,Uhi

333 4124 506 4175 Metiosedum
524 4141 577 4174 non
590 4141 604 4173 e
617 4121 761 4172 Metodnno
778 4119 859 4173 diver·

337 4189 569 4250 summittatur,
588 4207 635 4242 ncc
657 4187 689 4240 de
713 4187 768 4240 loco
791 4187 859 4240 iufra

335 4257 470 4314 Lutetiam
490 4259 543 4309 sito
566 4255 606 4309 bic
629 4257 678 4322 ogi.
713 4255 800 4308 Cardo
821 4255 859 4306 rci

336 4325 445 4376 vertitur
455 4326 482 4376 iu
496 4326 663 4404 quaestione,
682 4323 714 4376 de
727 4324 795 4376 iisne
813 4339 859 4372 na·

334 4390 409 4442 sibus
428 4391 470 4444 bic
487 4401 523 4443 sit
540 4409 636 4452 sermo,
649 4407 715 4460 quor.
731 4391 859 4450 secundo,

930 3465 964 3500 an
977 3465 1042 3518 qnae
1056 3447 1164 3502 adverso
1181 3447 1293 3504 flumine
1310 3461 1388 3504 erunt
1403 3473 1453 3532 prs·

929 3533 1044 3584 gressaer
1057 3518 1130 3586 prius
1147 3510 1214 3568 mibi
1232 3517 1338 3570 ridetur
1354 3531 1450 3586 potins,

929 3585 1095 3702 &meppea
1123 3599 1219 3704 rppups
1244 3585 1277 3638 iis
1303 3586 1449 3705 obponitpp

930 3717 997 3768 Beris
1011 3670 1166 3788 {tinibus
1178 3669 1301 3770 circei'uit
1319 3655 1450 3790 <imiimi

928 3785 958 3834 Τ.
985 3784 1004 3834 Ι.
1030 3803 1056 3854 p.
1085 3791 1139 3853 ¹⁵9·
1162 3787 1265 3856 quaerit
1289 3787 1448 3838 Metiosedum

929 3853 955 3901 iu
973 3849 1032 3903 Ioco
1055 3849 1128 3904 dicto
1151 3853 1233 3920 lonay
1259 3851 1347 3922 paullo
1373 3871 1446 3923 snpra

926 3916 1077 3980 Lutetiam,
1104 3919 1151 3989 qui
1177 3937 1273 3970 nomen
1296 3923 1395 3991 ceperit
1419 3938 1446 3970 er

927 3985 1045 4036 Iosedum
1057 4005 1104 4057 per
1114 3983 1320 4038 diminutionem
1336 3987 1445 4038 nominis

927 4054 1039 4122 antiqui.
1082 4053 1216 4123 idipsum
1242 4054 1294 4104 ism
1320 4053 1445 4107 Glareuuo

927 4120 1062 4190 placuerat
1079 4121 1108 4172 iu
1124 4123 1196 4174 notis
1213 4119 1246 4174 ud
1265 4119 1291 4172 b.
1309 4119 1327 4172 i.

958 4203 1114 4253 annuatur.
1132 4201 1187 4254 Alii
1204 4203 1377 4255 sermionem.

958 4295 1107 4342 retinerent.
1124 4289 1180 4343 Atii
1197 4305 1320 4344 renerent.

955 4399 1123 4456 praesentem.
1141 4387 1174 4442 ln
1190 4387 1250 4443 eliis
1267 4388 1318 4444 boc
1334 4387 1411 4441 deest·
