3068 5260
393 323 534 422 nini.
569 361 660 422 mr.
702 365 737 423 1.
769 363 813 422 a.
1133 329 1158 418 5

46 565 213 640 Helvetii
240 585 388 661 quoque
412 562 574 661 reliquos
601 564 727 640 Gallos
746 560 1162 664 virtute'praecedun't',
1207 633 1210 638 ,

47 685 154 780 quod
172 685 247 755 fere
265 679 489 778 quotidianis
509 681 656 778 proeliis
679 687 765 753 curn
789 683 983 756 Germanis
1003 691 1163 756 conten-

48 799 174 886 dunt,
207 820 326 894 quum
362 796 534 866 autsuis
567 795 702 866 linibus
738 820 801 868 eos
835 789 1059 894 prohibent,
1096 799 1161 865 a'ut

46 912 122 1008 ipsi
152 912 188 982 in
224 895 354 982 eorum
388 907 522 980 tinibus
556 907 695 980 bellum
727 918 876 1008 gerunt.
911 907 1163 982 Eorumuna

47 1049 157 1122 pam,
176 1049 288 1122 quam
307 1022 432 1096 Gallos
447 1023 786 1096 obtinere-dictum
801 1031 875 1112 est,
893 1025 1041 1096 initium
1062 1023 1164 1120 capit

44 1167 73 1213 a
101 1140 253 1214 flumine
276 1139 488 1225 Rhodano;
516 1140 731 1214 continetur
758 1141 949 1214 Garumna
982 1139 1134 1237 flumine
1153 1193 1172 1246 ,⁸

48 1259 236 1347 Oceano,
257 1257 404 1329 vlinibus
430 1252 654 1352 Belgarum3
695 1255 856 1356 adtingit
882 1259 996 1337 etiam
1022 1258 1068 1330 ab
1096 1258 1166 1328 Se-

50 1374 187 1469 quanis
211 1377 250 1445 et
277 1369 456 1442 Helvetiis
482 1365 619 1442 flumen
637 1369 838 1458 Rhenum3
865 1372 988 1470 vergit
1015 1369 1062 1442 ad
1081 1393 1166 1468 sep-

7 1587 11 1592 ·
50 1457 287 1575 temtrionesi
309 1482 444 1584 Belgae
463 1484 510 1556 ab
528 1484 702 1558 extremis
720 1485 861 1557 Galliae
879 1485 1013 1557 finibus
1032 1485 1165 1556 oriun-

50 1608 145 1689 tur3
172 1603 357 1700 pertinent
373 1600 419 1672 ad
436 1600 647 1672 inferiorem
664 1607 809 1699 partem
837 1599 999 1675 fluminis
1017 1603 1136 1674 Rheni
1155 1629 1166 1689 ;

51 1723 227 1814 spectant
247 1715 590 1812 inseptemtriones
617 1721 657 1788 et
681 1713 863 1788 orientem
891 1716 1020 1788 solem.
1046 1715 1167 1814 Aqui-

52 1833 158 1904 tania
184 1857 205 1903 a
232 1831 423 1902 Garumna
457 1825 610 1903 flumine
636 1830 685 1902 ad
710 1830 917 1925 Pyrenaeos
951 1837 1099 1904 montes
1127 1835 1190 1904 et‘

53 1967 137 2016 eam
154 2032 156 2038 Α
166 1950 309 2042 partem
321 1987 323 1992 ·
337 1945 478 2016 Oceani
494 1979 516 2032 ,·
532 1968 626 2041 quae
654 1949 725 2017 est'
737 1945 784 2016 ad
810 1943 1027 2044 Hispaniam
1043 1967 1065 2032 ,²
1080 1967 1167 2042 per-

54 2063 180 2150 tinet,
206 2065 351 2159 spectat
376 2061 474 2132 inter
499 2084 675 2132 occasum
701 2058 787 2133 solis
806 2067 845 2134 et
870 2063 1167 2158 septemtriones.

111 2205 148 2252 2.
173 2179 285 2278 Apud
317 2166 511 2249 Helvetios
544 2174 654 2276 longe
686 2174 936 2248 nobilissimus
963 2183 1002 2249 et
1027 2175 1170 2250 ditissi-

55 2315 143 2364 mus
159 2292 230 2365 fuit
248 2293 464 2390 Orgetorix.
489 2294 525 2364 Is
541 2293 594 2364 M.
612 2291 771 2362 Messala
780 2295 824 2362 'et
843 2291 896 2361 M.
914 2291 1044 2362 Pisone
1063 2307 1168 2384 cusat,

56 2409 162 2507 regni
190 2407 394 2506 cupiditate
421 2405 623 2496 inductus,
650 2407 945 2480 coniurationem
965 2405 1169 2480 nobilitatis

58 2522 177 2610 fecit,
208 2528 247 2595 et
273 2521 419 2594 civitati
446 2522 655 2620 persuasit,
682 2527 725 2594 ut
751 2521 796 2594 de
822 2519 956 2593 finibus
983 2522 1057 2593 suis
1083 2547 1172 2593 curn

59 2637 233 2716 omnibus
250 2638 365 2744 copiis
384 2637 546 2710 exirent:
575 2636 749 2736 perfacile
768 2661 865 2728 esse,
892 2663 1007 2736 quum
1028 2642 1179 2730 virtute,

58 2755 233 2826 omnibus
259 2759 514 2850 praestarent,
553 2754 668 2828 totius
696 2747 837 2830 Galliae
864 2756 1019 2856 irnperio
1046 2759 1172 2856 potiri.

58 3075 354 3136 contrarium'rlicatur,
372 3091 456 3146 neque
473 3075 526 3128 nlla
545 3077 581 3127 slt

53 3144 145 3203 ratio,
175 3161 221 3195 cnr
249 3141 293 3194 lric
320 3141 353 3195 ‹le
382 3143 510 3196 Helvetiis
538 3143 580 3194 lo-

59 3219 158 3278 quatur
180 3209 290 3267 Caesar,
316 3209 347 3262 (le
370 3209 468 3279 quibus
493 3212 581 3281 capite

58 3277 183 3344 sequenti
207 3278 301 3345 agitur.
336 3277 493 3328 Coniectura
516 3277 581 3331 hacc

651 3077 727 3128 Rom.
753 3087 780 3130 et
806 3081 949 3150 interprete
978 3079 1078 3133 Graeco
1105 3081 1172 3134 liene

652 3147 770 3198 restituit
786 3145 888 3198 Clarte.

686 3241 782 3296 spectat
811 3233 887 3279 inter.
927 3228 1040 3282 Videtur
1069 3233 1096 3278 in
1124 3245 1174 3297 pro
1232 3213 1237 3221 Ι

653 3299 721 3346 inter
753 3294 911 3362 legendum,
941 3305 973 3346 nt
999 3293 1077 3365 paulo
1103 3305 1174 3347 ante.

58 3345 146 3396 critici
162 3345 228 3396 satis
245 3352 285 3395 est
302 3361 364 3395 vero
382 3343 486 3396 similis.

1 3425 2 3498 l
91 3435 216 3486 Helvetii.
229 3433 304 3486 Echi
316 3435 389 3489 Galli
397 3445 486 3496 erant,
498 3438 581 3506 quip-

1 3541 2 3590 p
61 3521 93 3572 pe
105 3503 175 3554 intra
190 3501 313 3554 Rhenum
331 3503 460 3558 contenti.
479 3503 579 3557 Cellar.

1 4085 17 4309 l

89 3599 205 3667 proeliis.
234 3597 279 3652 alii
304 3600 377 3651 battis
395 3601 559 3670 proeliisque.

93 3693 204 3744 Eorum.
236 3693 255 3743 i.
274 3712 296 3744 e.
321 3691 473 3766 Belgarum,
491 3693 579 3747 Gallo-

61 3778 139 3820 rum,
156 3760 364 3828 Aquitanorum.
389 3761 507 3812 Oudend.
524 3762 582 3814 Mo·

60 3835 157 3878 nnerat
174 3827 255 3879 etiam
271 3828 436 3880 Ciacconius.
454 3829 496 3880 M.
535 3884 541 3896 ,

97 3909 217 3969 Oceano,
234 3909 336 3981 finibus
354 3909 426 3980 netg.
452 3909 519 3962 malo
536 3910 582 3964 alii

65 3977 209 4055 Ocearrom,
228 3977 340 4029 relatum
357 3977 518 4032 adverbum
531 3979 581 4029 ad-

66 4056 150 4094 trn‘nt.

99 4083 222 4180 drientem
239 4124 327 4174 solem.
363 4123 448 4176 codd.
472 4123 582 4190 quidam

68 4189 145 4238 solem
170 4208 222 4241 non
245 4189 359 4251 liabent,
376 4192 451 4244 'teste
472 4191 535 4247 Ursi
557 4212 582 4242 o.

69 4255 121 4308 sed
137 4265 222 4309 exstat
238 4259 267 4308 in
284 4257 342 4312 aliis
360 4265 388 4310 ct
404 4257 464 4310 edd.
481 4268 533 4309 vet.

101 4363 164 4407 qliae
180 4361 218 4400 est
235 4348 270 4398 ad
287 4348 326 4400 H.
351 4349 408 4402 Hoc
424 4361 477 4406 est,
503 4347 603 4417 vulgo,

71 4413 217 4480 omissum,
248 4433 279 4467 cx
307 4416 383 4472 codd·
413 4425 440 4469 ct
467 4415 582 4470 editione

653 3361 773 3432 Legerim
790 3363 888 3424 etiam,
907 3375 931 3414 et
941 3376 1051 3434 spectat.
1075 3363 1117 3414 M.

686 3442 764 3510 Apud
780 3441 958 3518 Helvetiosf-
977 3441 1051 3493 Hanc
1068 3458 1175 3492 omnem

654 3510 831 3562 narrationem
848 3509 880 3562 ‹lc
897 3508 1076 3560 Helvetiorum
1098 3505 1174 3558 bellis

653 3596 714 3629 curu
744 3577 852 3630 Caesare
886 3577 985 3642 gestis.
1021 3583 1175 3646 prosecutus

654 3653 695 3696 cst
719 3644 771 3696 Dio
803 3643 909 3695 Cassius
934 3641 982 3704 38,
1014 3643 1055 3692 di.
1091 3642 1122 3692 T.
1156 3639 1175 3690 l.

654 3729 681 3780 p.
700 3723 752 3772 174.
766 3711 816 3769 ita,
840 3719 870 3762 ut
887 3709 1089 3761 commentarios
1107 3707 1178 3759 Cac-

653 3779 718 3829 suris
737 3775 808 3828 haud
832 3776 912 3828 ‹luliie
937 3785 997 3830 ante
1016 3775 1106 3826 oculos
1126 3773 1176 3826 lra-

655 3843 759 3897 huerit:
777 3863 839 3896 nam
851 3845 942 3896 ornniu
953 3843 1115 3914 conspirant.
1133 3842 1176 3894 M.

688 3929 771 3980 Mers.
791 3941 816 3978 et
834 3928 888 3978 Pis.
904 3927 975 3978 Coss.
1013 3927 1074 3977 Fuit
1091 3943 1176 3976 anneis

655 3995 689 4048 ab
703 3995 766 4046 urbe
776 3996 882 4048 condita
895 3993 953 4060 693.
970 3993 1012 4044 M.
1038 3993 1086 4044 Ed.
1100 3993 1177 4044 llom.

622 4085 625 4092 ·
656 4063 802 4129 etquidem
815 4061 889 4115 codd.
907 4059 940 4113 P.
954 4061 996 4112 M.
1014 4061 1116 4111 Pisone.
1131 4060 1177 4110 alil

656 4131 851 4182 PullioMurco
859 4127 965 4180 Pisone.
977 4127 1040 4178 inde
1053 4127 1177 4180 Onrlcntl.

654 4197 796 4264 legendum
810 4207 889 4267 putat
900 4197 983 4264 Pupio
996 4196 1038 4247 M.
1053 4197 1159 4247 Pisone.

689 4281 804 4347 imperto.
862 4276 894 4330 In
924 4275 1062 4328 nonnullis
1101 4271 1179 4326 codd.

655 4345 736 4397 deest.
777 4343 870 4396 l’anllo
901 4353 962 4398 oute
995 4343 1076 4394 codex
1109 4359 1179 4394 uirus

655 4411 736 4468 hahet
758 4431 853 4465 onrncs.
879 4431 933 4466 non
951 4410 1026 4464 maile.
