2986 5268
346 351 443 472 254

711 383 767 444 DE
802 383 936 444 uultu
970 385 1091 446 GALL-

395 585 455 664 25.
474 589 600 682 Quum
619 586 656 661 in
675 587 848 680 omnibus
865 586 980 678 locis,
1003 591 1200 662 consumta
1220 587 1291 660 iam
1309 585 1428 683 reliqua

342 709 450 806 parte
481 705 620 792 noctis,
647 711 894 803 pugnaretur,
926 729 1144 804 semperque
1169 705 1332 776 hostibus
1365 729 1430 800 spes

248 895 251 911 ¹
341 821 520 894 victoriae
551 819 890 921 redintegraretur3
922 845 966 892 eo
998 825 1140 919 magis,
1170 821 1269 918 quod
1301 821 1430 892 deustos

339 931 485 1033 pluteos
505 935 663 1008 turrium
685 935 887 1024 videbant,
903 959 970 1008 nec
990 937 1097 1008 facile
1116 937 1215 1008 adire
1236 941 1374 1034 apertos
1395 935 1431 1004 ad

339 1047 595 1126 auxiliandum
620 1053 787 1122 animum
818 1049 1090 1136 advertebant3
1129 1073 1343 1146 semperque
1372 1047 1432 1144 ipsi

336 1173 506 1240 recentes
525 1168 672 1242 defessis
691 1167 958 1252 succederent,
979 1193 1202 1266 omnemque
1222 1167 1359 1240 Galliae
1384 1191 1432 1238 sa-

241 1300 244 1308 ’
335 1277 454 1354 lutem
467 1283 506 1354 in
518 1281 582 1355 illo
601 1284 757 1382 vestigio
771 1285 950 1382 temporis
967 1285 1125 1381 positam
1148 1285 1430 1354 arbitrarentur:

337 1395 494 1484 accidit,
506 1398 800 1496 inspectantibus
818 1398 942 1486 nobis,
960 1399 1082 1496 quod,
1097 1399 1253 1497 dignum
1269 1399 1433 1470 memoria

336 1514 478 1602 visum,
513 1515 887 1614 praetermittendum
913 1539 986 1586 non
1006 1515 1317 1588 existimavimus.
1350 1517 1434 1606 Qui-

336 1630 422 1704 dam
440 1639 527 1704 ante
546 1639 691 1732 portam
710 1631 834 1730 oppidi
854 1631 1003 1720 Gallus,
1040 1633 1101 1729 qui
1122 1655 1186 1730 per
1206 1655 1340 1706 manus
1368 1631 1433 1702 sevi

335 1767 380 1816 ac
411 1746 501 1842 picis
519 1747 716 1820 transditas
734 1745 860 1847 glebas
890 1749 929 1820 in
957 1748 1080 1848 ignem
1107 1769 1127 1818 e
1155 1747 1308 1844 regione
1335 1747 1434 1818 turris

334 1863 574 1964 proiiciebat,
606 1866 800 1962 scorpione
831 1864 878 1936 ab
911 1863 1027 1938 latere
1059 1863 1191 1936 dextro
1219 1865 1434 1938 transiectus

334 1978 641 2076 exanimatusque
658 1979 834 2054 concidit.
860 1983 970 2054 Hunc
990 2005 1037 2054 ex
1060 1981 1241 2079 proximis
1270 2005 1362 2056 unus
1388 1983 1434 2053 ia·

334 2101 481 2168 centem
504 2103 772 2194 transgressus,
790 2097 921 2170 eodem
937 2097 1001 2170 illo
1018 2119 1172 2170 munere
1196 2095 1433 2200 fungebatur:

333 2212 462 2286 eadem
481 2217 626 2288 ratione
645 2220 724 2288 ictu
743 2213 946 2311 scorpionis
965 2215 1179 2287 exanimato
1198 2213 1339 2306 altero,
1362 2243 1434 2289 suc-

332 2329 443 2400 cessit
460 2329 593 2402 tertius
623 2334 662 2402 et
685 2327 799 2402 tertio
826 2333 1002 2426 quartum
1035 2353 1103 2401 neo
1126 2329 1229 2428 prius
1260 2330 1320 2404 ille
1341 2339 1394 2404 est
1418 2356 1434 2404 a

329 2445 668 2547 propugnatoribus
686 2469 827 2520 vacuus
844 2445 996 2518 relictus
1013 2444 1137 2534 locus,
1157 2471 1293 2543 quam,
1309 2450 1433 2522 restin-

331 2569 395 2638 cto
414 2589 547 2665 aggere
565 2571 679 2662 atque
698 2565 799 2636 omni
825 2565 930 2664 parte
964 2563 1148 2636 submotis
1183 2553 1372 2657 hostibus,
1400 2565 1432 2638 fi-

329 2681 388 2752 nis
408 2688 465 2754 est
487 2680 673 2782 pugnandi
694 2681 825 2753 factus.

330 2865 337 2874 .
382 2794 445 2870 26.
468 2799 608 2872 Omnia
630 2797 775 2894 experti
794 2792 914 2882 Galli,
932 2793 1032 2892 quod
1054 2819 1115 2868 res
1140 2795 1242 2870 nulla
1263 2823 1435 2874 successe·

220 2972 224 2982 .
328 2918 419 3004 rat,
440 2921 590 3014 postero
617 2913 675 2986 die
702 2910 896 2986 consilium
922 2920 1102 3009 ceperunt
1127 2935 1174 2986 ex
1200 2917 1336 3016 oppido
1363 2941 1435 3016 pro

328 3026 475 3129 fugere,
501 3028 676 3104 hortante
702 3035 741 3102 et
765 3026 916 3100 iubente
945 3025 1264 3128 Vercingetorige.
1308 3031 1373 3121 ld,
1397 3029 1436 3101 si·

360 3303 470 3374 pluteos.
487 3303 520 3358 V.
537 3301 597 3358 Ind.
614 3301 658 3359 M·

362 3409 480 3467 qenes,
497 3415 552 3450 nun
570 3405 661 3450 tectos.
680 3395 719 3448 Μ.

360 3497 471 3545 ωιίηιωιι
481 3494 580 3544 advent.
592 3491 638 3546 Sic
647 3490 725 3545 codd.
735 3489 852 3564 quiderm

327 3557 373 3614 elii
389 3560 632 3612 mbnadvertetcnt.
651 3559 692 3612 Cf.
716 3577 737 3622 r,
756 3569 796 3625 ²4·

358 3655 463 3722 vestigio
480 3664 554 3720 temp.
571 3671 598 3704 v.
616 3649 676 3707 tnd.

358 3751 472 3816 scorpio,
493 3757 596 3800 auctore
617 3747 725 3816 Vegetio
750 3749 801 3813 (de
824 3767 851 3802 re

325 3813 382 3866 mil.
402 3823 432 3879 ⁴,
450 3819 506 3877 22),
524 3813 583 3868 ideo
607 3823 774 3884 nrrucupatus
795 3825 849 3876 est,

324 3880 395 3950 quod
415 3881 501 3952 parvis
524 3880 717 3952 subtilibusque
740 3883 849 3952 spiculis

323 3948 405 4000 infert
417 3957 536 4000 mortem.
549 3949 622 4002 lelem
631 3950 752 4018 Vegetius
760 3951 850 4002 retulit

322 4015 393 4068 iuter
409 4015 544 4068 machinae
561 4015 680 4076 bellicas,
693 4017 789 4086 quibus
805 4017 849 4069 ob·

323 4085 386 4134 sessi
404 4101 432 4134 sc
449 4083 588 4136 defendere
604 4093 810 4150 consueveram
821 4095 849 4138 et

322 4149 359 4200 sic
376 4149 408 4202 de
425 4147 453 4201 Β.
471 4151 552 4202 Afric.
572 4171 594 4204 c.
614 4167 645 4218 29
658 4159 684 4202 ct
696 4149 725 4202 31
739 4149 846 4220 legitur:

322 4215 369 4267 sod
391 4217 419 4267 in
443 4225 533 4269 nostro
554 4215 611 4270 loco
636 4225 662 4268 et
683 4217 716 4270 de
739 4214 765 4270 B.
788 4221 846 4272 Afr.

323 4299 345 4332 c.
366 4285 395 4332 56
414 4284 498 4334 estin
518 4284 661 4346 machinis,
678 4285 777 4356 quibus
799 4285 847 4336 nb-

322 4347 438 4401 sideutcs
462 4359 582 4402 utuntur.
616 4353 670 4403 lloc
696 4361 781 4403 tamrn
806 4363 847 4405 cst

324 4413 393 4473 leve:
412 4435 474 4472 nem
490 4417 560 4476 redit
575 4417 679 4477 eodem,
691 4420 747 4474 sico
759 4421 845 4492 obpu-

920 3304 1026 3374 gnando
1037 3303 1091 3356 sive
1102 3303 1268 3360 defendendo
1280 3317 1369 3360 nocent
1378 3325 1435 3359 seor

919 3374 974 3441 pio.
1008 3371 1158 3424 Maritima
1185 3373 1278 3428 multis
1306 3375 1435 3444 descripsit

920 3439 1076 3494 Ammianus
1094 3437 1261 3494 Marcellinus
1279 3443 1335 3508 (23,
1351 3447 1383 3506 4),
1399 3459 1435 3492 cu·

920 3507 962 3558 ius
979 3507 1067 3560 locum
1084 3507 1217 3560 Gesnems
1235 3510 1262 3560 in
1281 3509 1359 3560 Thes.
1376 3506 1433 3560 Μ.

919 3575 1107 3645 interpretatus
1124 3583 1172 3626 est.
1193 3573 1268 3626 Idem
1285 3577 1433 3628 Ammianus

919 3647 976 3708 (19,
994 3647 1020 3706 7)
1038 3641 1116 3693 dicit:
1132 3661 1181 3710 per
1205 3649 1365 3712 scorpionum
1380 3643 1434 3713 jer·

917 3729 977 3762 reos
984 3710 1086 3780 Jiindne
1098 3709 1203 3760 rotlandi
1210 3711 1309 3780 [apsides
1317 3716 1365 3762 acti
1373 3720 1432 3760 sunt.

917 3778 1049 3830 Videntur
1065 3795 1124 3846 ergo
1141 3785 1241 3830 veteres
1258 3797 1309 3848 ope
1326 3777 1432 3856 scorpio-

917 3848 959 3898 nis
976 3847 1039 3899 rsrii
1056 3849 1155 3912 generis
1173 3844 1222 3898 tcla
1245 3846 1363 3905 torsisse·
1380 3861 1433 3914 ipsa

917 3931 976 3964 vero
994 3913 1115 3966 machina
1132 3915 1188 3966 eius
1208 3932 1238 3964 ue
1258 3915 1389 3970 tractatio,
1406 3917 1431 3960 ut

916 3981 1048 4034 Gesnrrus
1066 3931 1308 4042 monuit‚lormssc
1329 3977 1430 4032 diversis

915 4047 1077 4119 temporibus
1094 4048 1195 4100 diverse
1214 4049 1270 4099 fnit.
1290 4047 1328 4098 M.

948 4134 1094 4179 exanimato
1112 4129 1204 4178 altero.
1222 4127 1277 4178 Alii
1293 4129 1376 4178 alteri.

947 4213 1113 4276 συνήραντο.
1140 4207 1196 4260 Alii
1212 4211 1282 4258 orrsnc'
1300 4223 1332 4256 ea
1350 4215 1428 4274 purte.

914 4275 952 4328 sic
969 4283 995 4326 et
1012 4275 1134 4329 Graecus.

944 4357 1087 4426 prqsiecrr.
1104 4353 1289 4406 llellenismus.
1302 4353 1343 4404 ltu
1355 4359 1380 4402 et
1392 4364 1427 4415 7¹.

913 4429 939 4474 el
959 4425 985 4483 8,
1003 4435 1043 4487 qq.
1061 4423 1119 4474 Afr-
1139 4427 1178 4488 78.
