3040 5264
356 309 415 399 50
716 339 772 398 ns
807 336 942 398 nesso
977 338 1099 398 esis.

352 571 409 620 res
444 547 546 621 victis
575 546 741 638 inponere
773 546 976 614 consuerint
988 569 1002 624 ,·
1033 565 1104 612 non
1128 562 1205 612 sese
1231 537 1373 630 Gadis,
1398 539 1466 612 sed

352 665 471 739 Gallos
504 663 575 736 sihi
605 661 733 735 bellum
764 661 929 734 intulisse
936 687 950 742 ,·
987 681 1109 730 omnes
1137 655 1285 730 Galliae
1300 661 1465 730 ciuitates

350 779 400 851 ad
426 803 465 851 se
494 765 771 880 obpugnandum
797 779 933 850 venisse
961 797 1006 873 aa
1038 785 1162 845 eontra
1187 797 1226 846 se
1250 785 1373 844 castra
1399 771 1469 842 lia-

350 893 468 967 buisse
480 924 494 977 ,·
525 919 586 966 eas
619 915 739 963 omnes
772 893 894 986 copias
925 911 948 956 a
972 911 1013 960 se
1036 912 1107 958 una
1130 885 1262 984 proelio
1279 885 1395 980 susas
1423 911 1467 960 aa

350 1021 536 1103 superatas
574 1031 680 1080 esse:
718 1006 754 1075 si
788 1007 918 1075 iterun
959 1003 1119 1099 experiri
1156 1001 1291 1088 velint,
1332 1003 1466 1072 iterum

347 1133 516 1216 paratum
540 1143 618 1194 sese
642 1109 852 1200 deiertare3
876 1117 912 1188 si
931 1139 1020 1214 paee
1046 1117 1102 1186 uti
1125 1113 1259 1199 uelint,
1298 1116 1467 1211 imquum

349 1263 425 1312 esse
459 1238 503 1311 de
534 1235 708 1336 stipendio
740 1257 936 1322 recusare,
968 1231 1064 1330 qnod
1102 1256 1170 1303 sua
1208 1231 1389 1306 volentate
1421 1232 1470 1306 ad

349 1355 391 1426 id
427 1369 565 1454 tempus
607 1352 845 1450 dependerint.
890 1349 1102 1422 Amicitiam
1139 1347 1273 1444 Populi
1309 1350 1469 1424 Romani

308 1547 314 1562 ‚
350 1467 422 1540 sibi
454 1481 658 1540 ornamento
688 1480 722 1540 et
756 1463 961 1564 praesideo,
1002 1489 1073 1534 non
1110 1463 1352 1555 detrimento,
1392 1491 1469 1540 esse

320 1623 323 1628 ·
351 1593 514 1676 oportere
530 1579 637 1678 idque
660 1605 700 1654 se
723 1605 765 1654 eo
789 1605 852 1678 spe
864 1583 1007 1678 petisse.
1034 1575 1075 1650 Si
1092 1603 1159 1674 per
1183 1578 1367 1676 Populum
1387 1581 1468 1654 Ro-

349 1719 498 1766 manum
514 1695 730 1792 stipendium
748 1697 949 1768 remittatur
965 1707 1000 1766 et
1013 1691 1169 1766 dedititii
1185 1691 1468 1782 subtrahamur,

351 1837 422 1882 non
454 1815 575 1884 minm
608 1813 752 1886 libenter
776 1837 852 1886 sese
877 1823 1127 1884 reameturum
1150 1809 1285 1908 Populi
1309 1809 1470 1884 Rotnani

349 1928 576 2014 arnz'oitiam,
601 1951 709 2025 quam
734 1925 932 2023 adpetierit.
957 1923 1062 2024 Quod
1090 1923 1353 1996 multitudinem
1379 1924 1469 1998 Ger-

350 2054 539 2114 manorum
557 2046 596 2114 iu
624 2039 777 2114 Galliam
793 2040 1027 2123 transducat,
1054 2040 1096 2114 id
1116 2064 1157 2112 se
1179 2045 1241 2112 sui
1255 2043 1447 2115 memi'endi
1456 2097 1467 2131 ,

350 2179 421 2226 non
460 2155 596 2231 Galliae
636 2155 890 2257 inpugnandae
939 2179 1069 2227 amasa
1092 2151 1258 2249 facere3
1295 2157 1375 2227 eius
1415 2163 1470 2231 rei

349 2276 589 2347 testimonium
612 2299 716 2364 esse,
748 2273 847 2373 quod
859 2326 870 2359 ‚
902 2275 976 2345 nisi
997 2283 1173 2370 rogalia,
1204 2296 1275 2342 non
1308 2281 1470 2366 venerit,

350 2401 385 2463 et
409 2392 506 2489 quod
528 2391 657 2466 bellum
682 2417 752 2464 non
778 2391 956 2473 intulerit,
982 2389 1047 2461 sed
1069 2387 1276 2482 definderit.
1304 2385 1350 2462 Se
1361 2397 1471 2486 prius

311 2573 314 2577 .
350 2511 390 2580 in
407 2509 560 2584 Galliam
578 2514 738 2598 venisse,
764 2533 871 2606 oziam
890 2505 1070 2604 Populum
1086 2505 1300 2580 Romanum.
1344 2507 1470 2580 Num-

351 2645 460 2717 quam
499 2637 581 2696 ante
617 2622 687 2695 hoo
705 2679 708 2686 .
724 2635 863 2718 tempus
902 2624 1099 2693 exereitum
1136 2619 1271 2716 Populi
1307 2621 1471 2696 Romani

353 2731 489 2806 Galliae
516 2740 722 2832 provinciae
744 2733 846 2830 fines
875 2759 1073 2834 egressum,
1112 2732 1210 2832 Qud
1235 2733 1308 2806 sttt
1339 2739 1470 2810 vellet?

352 2848 428 2921 Cur
452 2855 491 2922 in
516 2877 601 2924 suas
623 2857 863 2949 possessiones
889 2852 1048 2926 veniret?
1098 2850 1329 2924 Prouinciam
1361 2879 1470 2926 suam

351 2959 449 3039 lianc
472 2959 550 3036 esse
576 2963 753 3055 Galliam,
778 2971 873 3039 sieut
897 2967 997 3038 illam
1021 2977 1194 3036 nostram.
1225 2964 1272 3042 lli
1287 2970 1363 3064 ipsi
1377 2995 1471 3041 con·

351 3073 433 3184 oedi
461 3103 533 3150 non
555 3092 757 3178 oporteret,
788 3085 824 3152 si
852 3083 891 3153 in
920 3093 1059 3151 nostros
1078 3072 1180 3173 fines
1212 3082 1372 3176 inpetum
1391 3081 1471 3174 fii-

351 3207 467 3284 aeret,
494 3199 549 3268 sia
572 3199 658 3268 item
683 3221 747 3268 nos
773 3221 849 3270 esse
873 3199 1040 3294 iniqius,
1073 3197 1139 3293 qui
1165 3198 1205 3266 in
1235 3221 1300 3271 suo
1323 3201 1405 3270 iure
1431 3225 1470 3272 se

349 3312 664 3411 interpellaremus.
709 3311 814 3412 Quod
830 3312 976 3408 fratres
1009 3337 1033 3382 a
1064 3307 1197 3384 Senatu
1223 3311 1369 3390 Aeduos
1405 3317 1470 3388 ad-

367 3499 461 3620 stans.
485 3498 520 3553 ol.
539 3500 644 3571 pulsos,
665 3508 697 3552 ut
719 3516 750 3560 ι,
769 3512 810 3567 ²⁴·
835 3501 872 3564 3,
962 3499 1038 3584 ,[ιιηεεΙ
1053 3463 1188 3571 egressum.
1206 3497 1240 3553 sl.
1256 3499 1358 3567 finitus.

350 3585 391 3621 2·
971 3591 1006 3622 su
1029 3580 1098 3620 item.
1128 3567 1167 3619 Its
1197 3567 1319 3621 Oudend.
1349 3589 1364 3622 e
1387 3571 1467 3624 codd.

381 3639 473 3686 ttmm
482 3647 613 3718 paronam.
631 3631 680 3687 hoc
700 3639 791 3687 iterum
802 3633 871 3688 mal·
938 3643 965 3688 et
988 3636 1048 3689 edd.
1072 3644 1123 3688 vet.
1152 3635 1268 3703 Smliget
1294 3646 1412 3691 inaurat
1436 3642 1465 3692 in

348 3701 447 3755 delevit
474 3701 542 3756 scalt
560 3721 594 3754 or.
626 3701 740 3755 Graecus
765 3721 871 3774 quoque
938 3708 1038 3755 itemm.
1510 3753 1511 3764 ,

347 3767 435 3822 habet.
456 3772 485 3822 in
508 3721 568 3822 cdl.
595 3777 651 3848 vet.¹
673 3769 781 3824 mediol.
806 3773 872 3822 Von-
964 3775 1078 3843 fratres.
1095 3769 1139 3824 cf.
1156 3790 1179 3824 e.
1197 3770 1238 3826 33.
1255 3769 1340 3840 Vulgo
1362 3769 1466 3841 legeba-

347 3835 406 3918 nliis
424 3855 439 3887 a
457 3837 534 3888 velint
551 3836 586 3890 sd
602 3837 679 3887 velint
697 3835 766 3888 linea
788 3836 870 3890 deest.
939 3845 996 3890 tur:
1017 3839 1093 3909 Quod
1110 3857 1143 3888 ex
1159 3838 1270 3890 Senatus
1287 3839 1405 3890 consulto
1416 3842 1467 3890 Ae·

347 3903 872 4040 „t‘,t“tztt“titi‚¹ttnttll‘·
938 3906 1162 4045 mli-‘iffi
1175 3905 1466 4025 ffiffl'mffi‘f

380 4038 552 4119 dependerint.
575 4039 611 4094 ul.
637 4041 807 4110 pependerunt
829 4037 871 4094 vel
938 4038 1083 4110 legeretur,
1113 4041 1142 4091 in
1165 4039 1238 4120 nullo
1261 4048 1349 4124 autom
1366 4043 1464 4119 exoa:
1510 4077 1511 4080 ,

345 4105 557 4238 peliclg‘dzmdetma
581 4189 624 4242 spe
642 4179 744 4244 petisse.
768 4172 871 4226 Mavult
938 4107 1464 4246 &efficithsr'ueilior’eeebdgmiltffunsoeanlll

347 4236 368 4292 1.
393 4235 423 4288 C.
453 4237 485 4289 fl.
512 4257 616 4307 emaque
642 4259 676 4293 se.
703 4241 764 4293 Non
795 4259 869 4310 opus.
937 4251 1099 4294 monuerunt
1119 4261 1194 4300 esse,
1218 4243 1358 4295 asenam.
1376 4240 1464 4293 vestu

347 4303 485 4374 intellige,
503 4307 593 4372 idque,
610 4305 642 4359 de
659 4307 776 4359 amicitia
794 4307 822 4358 Ρ.
837 4309 867 4359 R.
936 4321 962 4360 et
974 4314 1068 4360 armaos
1079 4307 1251 4368 aliiadduut.
1262 4307 1311 4362 alti
1324 4309 1462 4361 omittunt.

347 4372 448 4425 Clarias
457 4379 553 4442 „tamen
572 4373 639 4428 toret
661 4373 742 4428 dictio
756 4392 869 4443 sonsque.
936 4375 980 4429 M.
998 4375 1122 4430 Glossnm
1138 4378 1216 4448 sopit.
