<?xml version="1.0" encoding="UTF-8"?>
<!DOCTYPE html PUBLIC "-//W3C//DTD XHTML 1.0 Transitional//EN"
    "http://www.w3.org/TR/xhtml1/DTD/xhtml1-transitional.dtd">
<html xmlns="http://www.w3.org/1999/xhtml" xml:lang="en" lang="en">
 <head>
  <title>
</title>
<meta http-equiv="Content-Type" content="text/html;charset=utf-8" />
  <meta name='ocr-system' content='tesseract 3.04.00' />
  <meta name='ocr-capabilities' content='ocr_page ocr_carea ocr_par ocr_line ocrx_word'/>
</head>
<body>
  <div class='ocr_page' id='page_1' title='image "./ciuliicaesarisc00cellgoog_0294.png"; bbox 0 0 2986 5268; ppageno 0'>
   <div class='ocr_carea' id='block_1_1' title="bbox 308 185 1050 305">
    <p class='ocr_par' dir='ltr' id='par_1_1' title="bbox 308 185 1050 305">
     <span class='ocr_line' id='line_1_1' title="bbox 308 185 1050 305; baseline 0.003 -27"><span class='ocrx_word' id='word_1_1' title='bbox 308 185 403 305; x_wconf 70' lang='lat'>246</span> <span class='ocrx_word' id='word_1_2' title='bbox 669 212 725 276; x_wconf 81' lang='lat' dir='ltr'>or</span> <span class='ocrx_word' id='word_1_3' title='bbox 761 217 895 276; x_wconf 75' lang='lat' dir='ltr'>santo</span> <span class='ocrx_word' id='word_1_4' title='bbox 929 219 1050 280; x_wconf 63' lang='lat' dir='ltr'>esu„</span> 
     </span>
    </p>
   </div>
   <div class='ocr_carea' id='block_1_2' title="bbox 200 425 1464 3888">
    <p class='ocr_par' dir='ltr' id='par_1_2' title="bbox 299 425 1420 1572">
     <span class='ocr_line' id='line_1_2' title="bbox 308 425 1415 514; baseline 0.003 -16"><span class='ocrx_word' id='word_1_5' title='bbox 308 431 440 514; x_wconf 87' lang='lat' dir='ltr'>reret,</span> <span class='ocrx_word' id='word_1_6' title='bbox 474 451 520 500; x_wconf 86' lang='lat' dir='ltr'>an</span> <span class='ocrx_word' id='word_1_7' title='bbox 547 425 705 500; x_wconf 79' lang='lat' dir='ltr'>defendi.</span> <span class='ocrx_word' id='word_1_8' title='bbox 731 427 990 502; x_wconf 79' lang='lat' dir='ltr'><strong>Procumbunt</strong></span> <span class='ocrx_word' id='word_1_9' title='bbox 1029 425 1202 500; x_wconf 86' lang='lat' dir='ltr'>omnibus</span> <span class='ocrx_word' id='word_1_10' title='bbox 1233 427 1349 500; x_wconf 78' lang='lat' dir='ltr'>Gallis</span> <span class='ocrx_word' id='word_1_11' title='bbox 1376 430 1415 501; x_wconf 84' lang='lat' dir='ltr'>ad</span> 
     </span>
     <span class='ocr_line' id='line_1_3' title="bbox 308 541 1416 642; baseline 0.006 -32"><span class='ocrx_word' id='word_1_12' title='bbox 308 543 419 640; x_wconf 88' lang='lat' dir='ltr'>pedes</span> <span class='ocrx_word' id='word_1_13' title='bbox 437 543 641 642; x_wconf 73' lang='lat' dir='ltr'>Bituriges,</span> <span class='ocrx_word' id='word_1_14' title='bbox 666 567 710 614; x_wconf 86' lang='lat' dir='ltr'>ne</span> <span class='ocrx_word' id='word_1_15' title='bbox 731 541 1011 640; x_wconf 78' lang='lat' dir='ltr'><em>pulcherrimam</em></span> <span class='ocrx_word' id='word_1_16' title='bbox 1027 569 1139 642; x_wconf 84' lang='lat' dir='ltr'><strong><em>prope</em></strong></span> <span class='ocrx_word' id='word_1_17' title='bbox 1155 547 1270 616; x_wconf 78' lang='lat' dir='ltr'>toa&#39;us</span> <span class='ocrx_word' id='word_1_18' title='bbox 1290 543 1416 617; x_wconf 79' lang='lat' dir='ltr'>Gallius</span> 
     </span>
     <span class='ocr_line' id='line_1_4' title="bbox 306 657 1416 754; baseline -0.001 -24"><span class='ocrx_word' id='word_1_19' title='bbox 306 659 452 743; x_wconf 69' lang='lat' dir='ltr'>urbem,</span> <span class='ocrx_word' id='word_1_20' title='bbox 484 682 574 754; x_wconf 80' lang='lat' dir='ltr'>quae</span> <span class='ocrx_word' id='word_1_21' title='bbox 605 671 639 730; x_wconf 82' lang='lat' dir='ltr'>el</span> <span class='ocrx_word' id='word_1_22' title='bbox 667 657 847 754; x_wconf 80' lang='lat' dir='ltr'>pracsidio</span> <span class='ocrx_word' id='word_1_23' title='bbox 878 671 912 730; x_wconf 83' lang='lat' dir='ltr'>et</span> <span class='ocrx_word' id='word_1_24' title='bbox 942 673 1147 731; x_wconf 84' lang='lat' dir='ltr'>ornamento</span> <span class='ocrx_word' id='word_1_25' title='bbox 1178 663 1231 730; x_wconf 82' lang='lat' dir='ltr'>ss&#39;t</span> <span class='ocrx_word' id='word_1_26' title='bbox 1264 663 1416 746; x_wconf 71' lang='lat' dir='ltr'>civitati,</span> 
     </span>
     <span class='ocr_line' id='line_1_5' title="bbox 305 773 1419 870; baseline 0.001 -30"><span class='ocrx_word' id='word_1_27' title='bbox 305 779 382 843; x_wconf 83' lang='lat' dir='ltr'>suis</span> <span class='ocrx_word' id='word_1_28' title='bbox 403 773 565 844; x_wconf 73' lang='lat' dir='ltr'>mortibus</span> <span class='ocrx_word' id='word_1_29' title='bbox 582 773 795 846; x_wconf 76' lang='lat' dir='ltr'><em>succendere</em></span> <span class='ocrx_word' id='word_1_30' title='bbox 820 787 1052 870; x_wconf 65' lang='lat' dir='ltr'>engerrannum</span> <span class='ocrx_word' id='word_1_31' title='bbox 1065 773 1186 866; x_wconf 80' lang='lat' dir='ltr'>facile</span> <span class='ocrx_word' id='word_1_32' title='bbox 1204 799 1248 847; x_wconf 82' lang='lat' dir='ltr'>se</span> <span class='ocrx_word' id='word_1_33' title='bbox 1265 775 1339 846; x_wconf 81' lang='lat' dir='ltr'>Ioci</span> <span class='ocrx_word' id='word_1_34' title='bbox 1360 797 1419 842; x_wconf 85' lang='lat' dir='ltr'>no-</span> 
     </span>
     <span class='ocr_line' id='line_1_6' title="bbox 306 887 1418 988; baseline 0.004 -28"><span class='ocrx_word' id='word_1_35' title='bbox 306 903 388 960; x_wconf 79' lang='lat' dir='ltr'>rum</span> <span class='ocrx_word' id='word_1_36' title='bbox 406 888 616 981; x_wconf 69' lang='lat' dir='ltr'><em>defensuros</em></span> <span class='ocrx_word' id='word_1_37' title='bbox 636 887 793 972; x_wconf 90' lang='lat' dir='ltr'>dicunt,</span> <span class='ocrx_word' id='word_1_38' title='bbox 823 888 940 986; x_wconf 81' lang='lat' dir='ltr'>quod,</span> <span class='ocrx_word' id='word_1_39' title='bbox 964 915 1075 987; x_wconf 80' lang='lat' dir='ltr'><strong><em>prope</em></strong></span> <span class='ocrx_word' id='word_1_40' title='bbox 1091 915 1139 964; x_wconf 75' lang='lat' dir='ltr'>aa</span> <span class='ocrx_word' id='word_1_41' title='bbox 1155 891 1329 964; x_wconf 75' lang='lat' dir='ltr'>omnibus</span> <span class='ocrx_word' id='word_1_42' title='bbox 1340 917 1418 988; x_wconf 81' lang='lat' dir='ltr'>pur-</span> 
     </span>
     <span class='ocr_line' id='line_1_7' title="bbox 305 999 1418 1100; baseline 0.001 -26"><span class='ocrx_word' id='word_1_43' title='bbox 305 1003 398 1074; x_wconf 77' lang='lat' dir='ltr'>ethus</span> <span class='ocrx_word' id='word_1_44' title='bbox 412 999 574 1100; x_wconf 81' lang='lat' dir='ltr'>flumine</span> <span class='ocrx_word' id='word_1_45' title='bbox 598 1017 632 1076; x_wconf 80' lang='lat' dir='ltr'>et</span> <span class='ocrx_word' id='word_1_46' title='bbox 655 1001 786 1100; x_wconf 81' lang='lat' dir='ltr'>palude</span> <span class='ocrx_word' id='word_1_47' title='bbox 811 1004 1058 1094; x_wconf 77' lang='lat' dir='ltr'>cz&#39;rcmndoro,</span> <span class='ocrx_word' id='word_1_48' title='bbox 1087 1031 1202 1078; x_wconf 84' lang='lat' dir='ltr'>unum</span> <span class='ocrx_word' id='word_1_49' title='bbox 1237 1003 1367 1078; x_wconf 78' lang='lat' dir='ltr'>babeat</span> <span class='ocrx_word' id='word_1_50' title='bbox 1389 1017 1418 1076; x_wconf 80' lang='lat' dir='ltr'>et</span> 
     </span>
     <span class='ocr_line' id='line_1_8' title="bbox 299 1120 1419 1222; baseline -0.002 -26"><span class='ocrx_word' id='word_1_51' title='bbox 299 1137 564 1222; x_wconf 79' lang='lat' dir='ltr'>perangustum</span> <span class='ocrx_word' id='word_1_52' title='bbox 590 1121 739 1195; x_wconf 63' lang='lat' dir='ltr'>cditnmr</span> <span class='ocrx_word' id='word_1_53' title='bbox 783 1121 907 1192; x_wconf 84' lang='lat' dir='ltr'>Datur</span> <span class='ocrx_word' id='word_1_54' title='bbox 941 1122 1153 1219; x_wconf 89' lang='lat' dir='ltr'>petentibus</span> <span class='ocrx_word' id='word_1_55' title='bbox 1181 1124 1324 1210; x_wconf 82' lang='lat' dir='ltr'>venia,</span> <span class='ocrx_word' id='word_1_56' title='bbox 1353 1120 1419 1194; x_wconf 88' lang='lat' dir='ltr'>dis·</span> 
     </span>
     <span class='ocr_line' id='line_1_9' title="bbox 304 1238 1420 1340; baseline -0.003 -27"><span class='ocrx_word' id='word_1_57' title='bbox 304 1241 481 1314; x_wconf 73' lang='lat' dir='ltr'>suadente</span> <span class='ocrx_word' id='word_1_58' title='bbox 511 1241 631 1338; x_wconf 91' lang='lat' dir='ltr'>primo</span> <span class='ocrx_word' id='word_1_59' title='bbox 656 1238 988 1340; x_wconf 68' lang='lat' dir='ltr'>Vercingetorige,</span> <span class='ocrx_word' id='word_1_60' title='bbox 1015 1246 1098 1338; x_wconf 89' lang='lat' dir='ltr'>post</span> <span class='ocrx_word' id='word_1_61' title='bbox 1125 1241 1365 1314; x_wconf 87' lang='lat' dir='ltr'>concedente</span> <span class='ocrx_word' id='word_1_62' title='bbox 1388 1245 1420 1311; x_wconf 91' lang='lat' dir='ltr'>et</span> 
     </span>
     <span class='ocr_line' id='line_1_10' title="bbox 304 1355 1420 1457; baseline -0.001 -27"><span class='ocrx_word' id='word_1_63' title='bbox 304 1359 477 1457; x_wconf 83' lang='lat' dir='ltr'>precibus</span> <span class='ocrx_word' id='word_1_64' title='bbox 505 1361 669 1455; x_wconf 84' lang='lat' dir='ltr'>ipsorum</span> <span class='ocrx_word' id='word_1_65' title='bbox 698 1361 737 1428; x_wconf 85' lang='lat' dir='ltr'>et</span> <span class='ocrx_word' id='word_1_66' title='bbox 764 1355 1018 1429; x_wconf 78' lang='lat' dir='ltr'>misericordia</span> <span class='ocrx_word' id='word_1_67' title='bbox 1045 1355 1158 1457; x_wconf 86' lang='lat' dir='ltr'>volgi.</span> <span class='ocrx_word' id='word_1_68' title='bbox 1201 1358 1420 1434; x_wconf 78' lang='lat' dir='ltr'>Defensores</span> 
     </span>
     <span class='ocr_line' id='line_1_11' title="bbox 305 1469 845 1572; baseline 0 -28"><span class='ocrx_word' id='word_1_69' title='bbox 305 1471 441 1572; x_wconf 85' lang='lat' dir='ltr'>oppido</span> <span class='ocrx_word' id='word_1_70' title='bbox 468 1473 589 1544; x_wconf 87' lang='lat' dir='ltr'>idonei</span> <span class='ocrx_word' id='word_1_71' title='bbox 619 1469 845 1572; x_wconf 76' lang='lat' dir='ltr'>deliguntur.</span> 
     </span>
    </p>

    <p class='ocr_par' dir='ltr' id='par_1_3' title="bbox 302 1585 1460 2382">
     <span class='ocr_line' id='line_1_12' title="bbox 362 1585 1460 1684; baseline -0.003 -26"><span class='ocrx_word' id='word_1_72' title='bbox 362 1589 417 1658; x_wconf 83' lang='lat'>16.</span> <span class='ocrx_word' id='word_1_73' title='bbox 448 1587 732 1684; x_wconf 76' lang='lat' dir='ltr'>Vercingetorix</span> <span class='ocrx_word' id='word_1_74' title='bbox 760 1586 965 1658; x_wconf 87' lang='lat' dir='ltr'>minoribus</span> <span class='ocrx_word' id='word_1_75' title='bbox 992 1589 1187 1662; x_wconf 81' lang='lat' dir='ltr'>Caesarem</span> <span class='ocrx_word' id='word_1_76' title='bbox 1230 1585 1420 1659; x_wconf 85' lang='lat' dir='ltr'>itineribus</span> <span class='ocrx_word' id='word_1_77' title='bbox 1458 1587 1460 1595; x_wconf 81' lang='grc'>’</span> 
     </span>
     <span class='ocr_line' id='line_1_13' title="bbox 305 1701 1419 1802; baseline -0.004 -26"><span class='ocrx_word' id='word_1_78' title='bbox 305 1705 543 1800; x_wconf 82' lang='lat' dir='ltr'>subsequitur</span> <span class='ocrx_word' id='word_1_79' title='bbox 570 1709 607 1775; x_wconf 89' lang='lat' dir='ltr'>et</span> <span class='ocrx_word' id='word_1_80' title='bbox 635 1703 759 1776; x_wconf 86' lang='lat' dir='ltr'>locum</span> <span class='ocrx_word' id='word_1_81' title='bbox 788 1703 919 1774; x_wconf 86' lang='lat' dir='ltr'>castris</span> <span class='ocrx_word' id='word_1_82' title='bbox 955 1702 1110 1802; x_wconf 81' lang='lat' dir='ltr'>deligit,</span> <span class='ocrx_word' id='word_1_83' title='bbox 1139 1703 1344 1802; x_wconf 86' lang='lat' dir='ltr'>paludibus</span> <span class='ocrx_word' id='word_1_84' title='bbox 1369 1701 1419 1774; x_wconf 87' lang='lat' dir='ltr'>sit·</span> 
     </span>
     <span class='ocr_line' id='line_1_14' title="bbox 304 1816 1417 1918; baseline -0.004 -28"><span class='ocrx_word' id='word_1_85' title='bbox 304 1819 434 1914; x_wconf 83' lang='lat' dir='ltr'>visque</span> <span class='ocrx_word' id='word_1_86' title='bbox 462 1819 676 1904; x_wconf 87' lang='lat' dir='ltr'>munitum,</span> <span class='ocrx_word' id='word_1_87' title='bbox 716 1817 764 1890; x_wconf 88' lang='lat' dir='ltr'>ab</span> <span class='ocrx_word' id='word_1_88' title='bbox 791 1817 954 1890; x_wconf 82' lang='lat' dir='ltr'>Avarico</span> <span class='ocrx_word' id='word_1_89' title='bbox 981 1816 1089 1915; x_wconf 80' lang='lat' dir='ltr'>longe</span> <span class='ocrx_word' id='word_1_90' title='bbox 1118 1818 1220 1891; x_wconf 86' lang='lat' dir='ltr'>mitia</span> <span class='ocrx_word' id='word_1_91' title='bbox 1250 1841 1417 1918; x_wconf 83' lang='lat' dir='ltr'>passuum</span> 
     </span>
     <span class='ocr_line' id='line_1_15' title="bbox 304 1932 1418 2036; baseline -0.004 -27"><span class='ocrx_word' id='word_1_92' title='bbox 304 1939 402 2009; x_wconf 77' lang='lat' dir='ltr'>xvi.</span> <span class='ocrx_word' id='word_1_93' title='bbox 448 1935 504 2009; x_wconf 89' lang='lat' dir='ltr'>Ibi</span> <span class='ocrx_word' id='word_1_94' title='bbox 547 1961 611 2032; x_wconf 91' lang='lat' dir='ltr'>per</span> <span class='ocrx_word' id='word_1_95' title='bbox 644 1939 766 2008; x_wconf 83' lang='lat' dir='ltr'>certos</span> <span class='ocrx_word' id='word_1_96' title='bbox 800 1932 1051 2031; x_wconf 82' lang='lat' dir='ltr'>exptoratores</span> <span class='ocrx_word' id='word_1_97' title='bbox 1086 1935 1123 2006; x_wconf 90' lang='lat' dir='ltr'>in</span> <span class='ocrx_word' id='word_1_98' title='bbox 1157 1935 1309 2036; x_wconf 80' lang='lat' dir='ltr'>singula</span> <span class='ocrx_word' id='word_1_99' title='bbox 1355 1933 1418 2005; x_wconf 86' lang='lat' dir='ltr'>diei</span> 
     </span>
     <span class='ocr_line' id='line_1_16' title="bbox 304 2051 1416 2155; baseline -0.004 -28"><span class='ocrx_word' id='word_1_100' title='bbox 304 2061 499 2155; x_wconf 88' lang='lat' dir='ltr'>tempora,</span> <span class='ocrx_word' id='word_1_101' title='bbox 526 2077 621 2151; x_wconf 84' lang='lat' dir='ltr'>quae</span> <span class='ocrx_word' id='word_1_102' title='bbox 649 2051 695 2123; x_wconf 85' lang='lat' dir='ltr'>ad</span> <span class='ocrx_word' id='word_1_103' title='bbox 726 2051 926 2123; x_wconf 74' lang='lat' dir='ltr'>Araricum</span> <span class='ocrx_word' id='word_1_104' title='bbox 954 2057 1182 2150; x_wconf 86' lang='lat' dir='ltr'>agerentur,</span> <span class='ocrx_word' id='word_1_105' title='bbox 1218 2073 1416 2153; x_wconf 83' lang='lat' dir='ltr'>cognosce-</span> 
     </span>
     <span class='ocr_line' id='line_1_17' title="bbox 303 2165 1417 2266; baseline -0.007 -24"><span class='ocrx_word' id='word_1_106' title='bbox 303 2167 400 2258; x_wconf 89' lang='lat' dir='ltr'>bat,</span> <span class='ocrx_word' id='word_1_107' title='bbox 427 2176 495 2257; x_wconf 88' lang='lat' dir='ltr'>et,</span> <span class='ocrx_word' id='word_1_108' title='bbox 522 2167 610 2266; x_wconf 88' lang='lat' dir='ltr'>quid</span> <span class='ocrx_word' id='word_1_109' title='bbox 638 2167 714 2240; x_wconf 88' lang='lat' dir='ltr'>tieri</span> <span class='ocrx_word' id='word_1_110' title='bbox 746 2165 884 2254; x_wconf 84' lang='lat' dir='ltr'>vellet,</span> <span class='ocrx_word' id='word_1_111' title='bbox 924 2167 1158 2265; x_wconf 80' lang='lat' dir='ltr'>imperabat:</span> <span class='ocrx_word' id='word_1_112' title='bbox 1195 2189 1331 2239; x_wconf 87' lang='lat' dir='ltr'>omnes</span> <span class='ocrx_word' id='word_1_113' title='bbox 1357 2187 1417 2235; x_wconf 90' lang='lat' dir='ltr'>no·</span> 
     </span>
     <span class='ocr_line' id='line_1_18' title="bbox 302 2275 1417 2382; baseline -0.009 -25"><span class='ocrx_word' id='word_1_114' title='bbox 302 2290 398 2357; x_wconf 78' lang='lat' dir='ltr'>atras</span> <span class='ocrx_word' id='word_1_115' title='bbox 427 2283 681 2382; x_wconf 81' lang='lat' dir='ltr'>pabulationes</span> <span class='ocrx_word' id='word_1_116' title='bbox 709 2281 1091 2379; x_wconf 82' lang='lat' dir='ltr'>frumentationesque</span> <span class='ocrx_word' id='word_1_117' title='bbox 1110 2281 1354 2369; x_wconf 85' lang='lat' dir='ltr'>observabat,</span> <span class='ocrx_word' id='word_1_118' title='bbox 1371 2275 1417 2348; x_wconf 88' lang='lat' dir='ltr'>di·</span> 
     </span>
    </p>

    <p class='ocr_par' dir='ltr' id='par_1_4' title="bbox 200 2395 1417 2932">
     <span class='ocr_line' id='line_1_19' title="bbox 200 2395 1417 2496; baseline -0.005 -26"><span class='ocrx_word' id='word_1_119' title='bbox 200 2467 202 2470; x_wconf 83' lang='lat'>.</span> <span class='ocrx_word' id='word_1_120' title='bbox 299 2423 547 2495; x_wconf 79' lang='lat' dir='ltr'>spersosque,</span> <span class='ocrx_word' id='word_1_121' title='bbox 581 2423 698 2496; x_wconf 85' lang='lat' dir='ltr'>quum</span> <span class='ocrx_word' id='word_1_122' title='bbox 725 2397 871 2496; x_wconf 81' lang='lat' dir='ltr'>longius</span> <span class='ocrx_word' id='word_1_123' title='bbox 906 2399 1112 2471; x_wconf 88' lang='lat' dir='ltr'>necessario</span> <span class='ocrx_word' id='word_1_124' title='bbox 1148 2395 1417 2495; x_wconf 84' lang='lat' dir='ltr'>procederent,</span> 
     </span>
     <span class='ocr_line' id='line_1_20' title="bbox 299 2509 1416 2612; baseline -0.008 -27"><span class='ocrx_word' id='word_1_125' title='bbox 299 2513 560 2602; x_wconf 80' lang='lat' dir='ltr'>adoriebatur,</span> <span class='ocrx_word' id='word_1_126' title='bbox 588 2537 798 2612; x_wconf 81' lang='lat' dir='ltr'>magnoque</span> <span class='ocrx_word' id='word_1_127' title='bbox 825 2513 1065 2587; x_wconf 87' lang='lat' dir='ltr'>incommodo</span> <span class='ocrx_word' id='word_1_128' title='bbox 1084 2513 1304 2586; x_wconf 82' lang='lat' dir='ltr'>adficiebat:</span> <span class='ocrx_word' id='word_1_129' title='bbox 1333 2509 1416 2591; x_wconf 87' lang='lat' dir='ltr'>etsi,</span> 
     </span>
     <span class='ocr_line' id='line_1_21' title="bbox 300 2617 1415 2726; baseline -0.005 -28"><span class='ocrx_word' id='word_1_130' title='bbox 300 2633 485 2723; x_wconf 88' lang='lat' dir='ltr'>quantum</span> <span class='ocrx_word' id='word_1_131' title='bbox 513 2617 669 2699; x_wconf 85' lang='lat' dir='ltr'>ratione</span> <span class='ocrx_word' id='word_1_132' title='bbox 687 2629 871 2726; x_wconf 88' lang='lat' dir='ltr'>provideri</span> <span class='ocrx_word' id='word_1_133' title='bbox 902 2635 1078 2726; x_wconf 83' lang='lat' dir='ltr'>poterat,</span> <span class='ocrx_word' id='word_1_134' title='bbox 1119 2628 1165 2700; x_wconf 90' lang='lat' dir='ltr'>ab</span> <span class='ocrx_word' id='word_1_135' title='bbox 1194 2629 1335 2699; x_wconf 88' lang='lat' dir='ltr'>nostris</span> <span class='ocrx_word' id='word_1_136' title='bbox 1361 2645 1415 2692; x_wconf 89' lang='lat' dir='ltr'>oc·</span> 
     </span>
     <span class='ocr_line' id='line_1_22' title="bbox 301 2735 1414 2844; baseline -0.008 -30"><span class='ocrx_word' id='word_1_137' title='bbox 301 2743 555 2826; x_wconf 85' lang='lat' dir='ltr'>currebatur,</span> <span class='ocrx_word' id='word_1_138' title='bbox 594 2749 637 2816; x_wconf 91' lang='lat' dir='ltr'>ut</span> <span class='ocrx_word' id='word_1_139' title='bbox 663 2745 815 2818; x_wconf 83' lang='lat' dir='ltr'>incertis</span> <span class='ocrx_word' id='word_1_140' title='bbox 842 2745 1072 2844; x_wconf 88' lang='lat' dir='ltr'>temporibus</span> <span class='ocrx_word' id='word_1_141' title='bbox 1099 2743 1331 2838; x_wconf 84' lang='lat' dir='ltr'>diversisque</span> <span class='ocrx_word' id='word_1_142' title='bbox 1357 2735 1414 2807; x_wconf 87' lang='lat' dir='ltr'>iti·</span> 
     </span>
     <span class='ocr_line' id='line_1_23' title="bbox 301 2860 605 2932; baseline 0.01 -3"><span class='ocrx_word' id='word_1_143' title='bbox 301 2860 452 2930; x_wconf 87' lang='lat' dir='ltr'>ueribus</span> <span class='ocrx_word' id='word_1_144' title='bbox 479 2861 605 2932; x_wconf 90' lang='lat' dir='ltr'>iretur.</span> 
     </span>
    </p>

    <p class='ocr_par' dir='ltr' id='par_1_5' title="bbox 297 2971 1464 3888">
     <span class='ocr_line' id='line_1_24' title="bbox 357 2971 1413 3073; baseline -0.008 -31"><span class='ocrx_word' id='word_1_145' title='bbox 357 2993 416 3063; x_wconf 82' lang='lat'>17.</span> <span class='ocrx_word' id='word_1_146' title='bbox 442 2971 581 3044; x_wconf 86' lang='lat' dir='ltr'>Castris</span> <span class='ocrx_word' id='word_1_147' title='bbox 609 2971 654 3043; x_wconf 90' lang='lat' dir='ltr'>ad</span> <span class='ocrx_word' id='word_1_148' title='bbox 682 2997 763 3044; x_wconf 85' lang='lat' dir='ltr'>eam</span> <span class='ocrx_word' id='word_1_149' title='bbox 792 2979 935 3072; x_wconf 88' lang='lat' dir='ltr'>partem</span> <span class='ocrx_word' id='word_1_150' title='bbox 954 2972 1076 3073; x_wconf 92' lang='lat' dir='ltr'>oppidi</span> <span class='ocrx_word' id='word_1_151' title='bbox 1098 2973 1247 3072; x_wconf 89' lang='lat' dir='ltr'>positis,</span> <span class='ocrx_word' id='word_1_152' title='bbox 1274 2972 1413 3049; x_wconf 87' lang='lat' dir='ltr'>Caesar,</span> 
     </span>
     <span class='ocr_line' id='line_1_25' title="bbox 300 3087 1411 3188; baseline 0.004 -30"><span class='ocrx_word' id='word_1_153' title='bbox 300 3111 395 3184; x_wconf 89' lang='lat' dir='ltr'>qnae</span> <span class='ocrx_word' id='word_1_154' title='bbox 422 3091 629 3161; x_wconf 88' lang='lat' dir='ltr'>intermissa</span> <span class='ocrx_word' id='word_1_155' title='bbox 657 3115 678 3161; x_wconf 86' lang='lat' dir='ltr'>a</span> <span class='ocrx_word' id='word_1_156' title='bbox 705 3088 858 3162; x_wconf 87' lang='lat' dir='ltr'>tlumine</span> <span class='ocrx_word' id='word_1_157' title='bbox 885 3099 923 3162; x_wconf 92' lang='lat' dir='ltr'>et</span> <span class='ocrx_word' id='word_1_158' title='bbox 951 3117 971 3162; x_wconf 86' lang='lat' dir='ltr'>a</span> <span class='ocrx_word' id='word_1_159' title='bbox 1000 3091 1131 3188; x_wconf 86' lang='lat' dir='ltr'>palude.</span> <span class='ocrx_word' id='word_1_160' title='bbox 1160 3090 1338 3175; x_wconf 88' lang='lat' dir='ltr'>aditum,</span> <span class='ocrx_word' id='word_1_161' title='bbox 1373 3087 1411 3152; x_wconf 72' lang='lat' dir='ltr'>ut</span> 
     </span>
     <span class='ocr_line' id='line_1_26' title="bbox 299 3201 1464 3306; baseline -0.003 -31"><span class='ocrx_word' id='word_1_162' title='bbox 299 3229 410 3303; x_wconf 89' lang='lat' dir='ltr'>supra</span> <span class='ocrx_word' id='word_1_163' title='bbox 438 3205 628 3292; x_wconf 82' lang='lat' dir='ltr'>diximus,</span> <span class='ocrx_word' id='word_1_164' title='bbox 655 3212 854 3306; x_wconf 84' lang='lat' dir='ltr'>angustum</span> <span class='ocrx_word' id='word_1_165' title='bbox 882 3207 1072 3294; x_wconf 88' lang='lat' dir='ltr'>habebat,</span> <span class='ocrx_word' id='word_1_166' title='bbox 1100 3229 1275 3306; x_wconf 85' lang='lat' dir='ltr'>aggerem</span> <span class='ocrx_word' id='word_1_167' title='bbox 1303 3201 1411 3297; x_wconf 82' lang='lat' dir='ltr'>adpa·</span> <span class='ocrx_word' id='word_1_168' title='bbox 1463 3229 1464 3232; x_wconf 44' lang='lat'>¹</span> 
     </span>
     <span class='ocr_line' id='line_1_27' title="bbox 297 3313 1464 3419; baseline -0.008 -25"><span class='ocrx_word' id='word_1_169' title='bbox 297 3347 410 3412; x_wconf 87' lang='lat' dir='ltr'>rare,</span> <span class='ocrx_word' id='word_1_170' title='bbox 439 3323 563 3394; x_wconf 88' lang='lat' dir='ltr'>vineas</span> <span class='ocrx_word' id='word_1_171' title='bbox 590 3347 729 3419; x_wconf 84' lang='lat' dir='ltr'>agere,</span> <span class='ocrx_word' id='word_1_172' title='bbox 755 3329 877 3394; x_wconf 90' lang='lat' dir='ltr'>turres</span> <span class='ocrx_word' id='word_1_173' title='bbox 904 3321 996 3394; x_wconf 86' lang='lat' dir='ltr'>duas</span> <span class='ocrx_word' id='word_1_174' title='bbox 1022 3325 1252 3395; x_wconf 82' lang='lat' dir='ltr'>constituere</span> <span class='ocrx_word' id='word_1_175' title='bbox 1273 3317 1411 3414; x_wconf 82' lang='lat' dir='ltr'>coepit:</span> <span class='ocrx_word' id='word_1_176' title='bbox 1463 3313 1464 3316; x_wconf 62' lang='grc'>’</span> 
     </span>
     <span class='ocr_line' id='line_1_28' title="bbox 299 3431 1411 3535; baseline -0.007 -27"><span class='ocrx_word' id='word_1_177' title='bbox 299 3461 389 3508; x_wconf 89' lang='lat' dir='ltr'>narn</span> <span class='ocrx_word' id='word_1_178' title='bbox 408 3437 693 3510; x_wconf 79' lang='lat' dir='ltr'>circumvallare</span> <span class='ocrx_word' id='word_1_179' title='bbox 713 3436 782 3507; x_wconf 88' lang='lat' dir='ltr'>toci</span> <span class='ocrx_word' id='word_1_180' title='bbox 805 3443 937 3510; x_wconf 87' lang='lat' dir='ltr'>natura</span> <span class='ocrx_word' id='word_1_181' title='bbox 958 3439 1189 3535; x_wconf 82' lang='lat' dir='ltr'>prohibebat.</span> <span class='ocrx_word' id='word_1_182' title='bbox 1212 3437 1262 3509; x_wconf 88' lang='lat' dir='ltr'>De</span> <span class='ocrx_word' id='word_1_183' title='bbox 1283 3461 1320 3508; x_wconf 91' lang='lat' dir='ltr'>re</span> <span class='ocrx_word' id='word_1_184' title='bbox 1348 3431 1411 3502; x_wconf 79' lang='lat' dir='ltr'>tru-</span> 
     </span>
     <span class='ocr_line' id='line_1_29' title="bbox 298 3551 1409 3650; baseline -0.01 -26"><span class='ocrx_word' id='word_1_185' title='bbox 298 3555 483 3625; x_wconf 87' lang='lat' dir='ltr'>mentaria</span> <span class='ocrx_word' id='word_1_186' title='bbox 512 3553 621 3625; x_wconf 89' lang='lat' dir='ltr'>Boios</span> <span class='ocrx_word' id='word_1_187' title='bbox 647 3560 760 3650; x_wconf 86' lang='lat' dir='ltr'>atque</span> <span class='ocrx_word' id='word_1_188' title='bbox 788 3553 935 3625; x_wconf 81' lang='lat' dir='ltr'>Aeduos</span> <span class='ocrx_word' id='word_1_189' title='bbox 960 3557 1148 3628; x_wconf 87' lang='lat' dir='ltr'>adhortari</span> <span class='ocrx_word' id='word_1_190' title='bbox 1169 3581 1241 3626; x_wconf 91' lang='lat' dir='ltr'>non</span> <span class='ocrx_word' id='word_1_191' title='bbox 1263 3551 1409 3627; x_wconf 87' lang='lat' dir='ltr'>destitit:</span> 
     </span>
     <span class='ocr_line' id='line_1_30' title="bbox 300 3661 1408 3772; baseline 0.001 -32"><span class='ocrx_word' id='word_1_192' title='bbox 300 3695 461 3768; x_wconf 89' lang='lat' dir='ltr'>quorum</span> <span class='ocrx_word' id='word_1_193' title='bbox 488 3670 618 3757; x_wconf 88' lang='lat' dir='ltr'>atteri,</span> <span class='ocrx_word' id='word_1_194' title='bbox 640 3669 739 3766; x_wconf 86' lang='lat' dir='ltr'>quod</span> <span class='ocrx_word' id='word_1_195' title='bbox 761 3669 861 3742; x_wconf 83' lang='lat' dir='ltr'>nulio</span> <span class='ocrx_word' id='word_1_196' title='bbox 881 3671 1005 3744; x_wconf 90' lang='lat' dir='ltr'>studio</span> <span class='ocrx_word' id='word_1_197' title='bbox 1025 3674 1208 3772; x_wconf 85' lang='lat' dir='ltr'>agebant,</span> <span class='ocrx_word' id='word_1_198' title='bbox 1226 3697 1298 3743; x_wconf 89' lang='lat' dir='ltr'>non</span> <span class='ocrx_word' id='word_1_199' title='bbox 1319 3661 1408 3741; x_wconf 80' lang='lat' dir='ltr'>mul·</span> 
     </span>
     <span class='ocr_line' id='line_1_31' title="bbox 299 3771 1407 3888; baseline 0.005 -32"><span class='ocrx_word' id='word_1_200' title='bbox 299 3788 384 3858; x_wconf 84' lang='lat' dir='ltr'>tum</span> <span class='ocrx_word' id='word_1_201' title='bbox 412 3784 670 3872; x_wconf 81' lang='lat' dir='ltr'>adiuvabant3</span> <span class='ocrx_word' id='word_1_202' title='bbox 714 3783 821 3858; x_wconf 85' lang='lat' dir='ltr'>atteri</span> <span class='ocrx_word' id='word_1_203' title='bbox 846 3809 923 3858; x_wconf 91' lang='lat' dir='ltr'>non</span> <span class='ocrx_word' id='word_1_204' title='bbox 963 3791 1108 3888; x_wconf 85' lang='lat' dir='ltr'>maguis</span> <span class='ocrx_word' id='word_1_205' title='bbox 1146 3771 1407 3861; x_wconf 60' lang='lat' dir='ltr'>&#39;fae-onatilius,</span> 
     </span>
    </p>
   </div>
   <div class='ocr_carea' id='block_1_3' title="bbox 298 4159 1402 4318">
    <p class='ocr_par' dir='ltr' id='par_1_6' title="bbox 298 4159 1402 4318">
     <span class='ocr_line' id='line_1_32' title="bbox 328 4159 1402 4240; baseline 0.006 -30"><span class='ocrx_word' id='word_1_206' title='bbox 328 4173 392 4228; x_wconf 81' lang='lat' dir='ltr'>pars</span> <span class='ocrx_word' id='word_1_207' title='bbox 409 4163 554 4212; x_wconf 76' lang='lat' dir='ltr'>intermissa</span> <span class='ocrx_word' id='word_1_208' title='bbox 574 4183 591 4213; x_wconf 84' lang='lat' dir='ltr'>a</span> <span class='ocrx_word' id='word_1_209' title='bbox 599 4165 678 4232; x_wconf 80' lang='lat' dir='ltr'>flam.</span> <span class='ocrx_word' id='word_1_210' title='bbox 688 4173 712 4214; x_wconf 82' lang='lat' dir='ltr'>et</span> <span class='ocrx_word' id='word_1_211' title='bbox 735 4184 751 4216; x_wconf 84' lang='lat' dir='ltr'>a</span> <span class='ocrx_word' id='word_1_212' title='bbox 766 4165 819 4233; x_wconf 81' lang='lat' dir='ltr'>pol.</span> <span class='ocrx_word' id='word_1_213' title='bbox 888 4183 941 4218; x_wconf 82' lang='lat' dir='ltr'>non</span> <span class='ocrx_word' id='word_1_214' title='bbox 961 4173 1016 4219; x_wconf 81' lang='lat' dir='ltr'>erat</span> <span class='ocrx_word' id='word_1_215' title='bbox 1044 4165 1144 4220; x_wconf 83' lang='lat' dir='ltr'>flumen</span> <span class='ocrx_word' id='word_1_216' title='bbox 1162 4175 1189 4220; x_wconf 81' lang='lat' dir='ltr'>et</span> <span class='ocrx_word' id='word_1_217' title='bbox 1216 4165 1297 4240; x_wconf 86' lang='lat' dir='ltr'>palus.</span> <span class='ocrx_word' id='word_1_218' title='bbox 1322 4159 1358 4216; x_wconf 81' lang='lat' dir='ltr'>Ci·</span> <span class='ocrx_word' id='word_1_219' title='bbox 1384 4173 1402 4206; x_wconf 72' lang='lat' dir='ltr'>C·</span> 
     </span>
     <span class='ocr_line' id='line_1_33' title="bbox 298 4237 1018 4318; baseline 0.014 -29"><span class='ocrx_word' id='word_1_220' title='bbox 298 4251 353 4290; x_wconf 83' lang='lat' dir='ltr'>nou</span> <span class='ocrx_word' id='word_1_221' title='bbox 380 4237 494 4294; x_wconf 75' lang='lat' dir='ltr'>obducto</span> <span class='ocrx_word' id='word_1_222' title='bbox 521 4241 593 4295; x_wconf 80' lang='lat' dir='ltr'>tium.</span> <span class='ocrx_word' id='word_1_223' title='bbox 629 4251 658 4296; x_wconf 81' lang='lat' dir='ltr'>et</span> <span class='ocrx_word' id='word_1_224' title='bbox 690 4244 741 4318; x_wconf 85' lang='lat' dir='ltr'>p&#39;ai.</span> <span class='ocrx_word' id='word_1_225' title='bbox 775 4245 821 4298; x_wconf 86' lang='lat' dir='ltr'>ubi</span> <span class='ocrx_word' id='word_1_226' title='bbox 891 4253 929 4302; x_wconf 82' lang='lat'>15.</span> <span class='ocrx_word' id='word_1_227' title='bbox 946 4247 988 4300; x_wconf 82' lang='lat' dir='ltr'>M.</span> <span class='ocrx_word' id='word_1_228' title='bbox 1013 4239 1018 4252; x_wconf 80' lang='grc'><strong><em>’</em></strong></span> 
     </span>
    </p>
   </div>
   <div class='ocr_carea' id='block_1_4' title="bbox 0 0 1498 5268">
    <p class='ocr_par' dir='ltr' id='par_1_7' title="bbox 0 0 1498 5268">
     <span class='ocr_line' id='line_1_34' title="bbox 0 0 1498 5268; baseline 0 0"><span class='ocrx_word' id='word_1_229' title='bbox 0 0 1498 5268; x_wconf 95' lang='lat' dir='ltr'> </span> 
     </span>
    </p>
   </div>
  </div>
 </body>
</html>
