3040 5264
365 367 445 428 ua.
478 366 520 426 11.
554 367 646 428 cnr.
690 337 859 432 12-15.
1086 373 1175 468 ¹71,

60 569 238 648 malisse.
278 565 352 669 Qui
375 563 487 668 liujus
512 567 656 643 consilii
675 573 858 672 principes
868 570 1055 668 suessent,
1083 576 1183 675 qaod

59 688 325 784 mtellegerent,
350 701 520 785 quantam
539 693 780 767 calamitatem
796 693 936 763 civitati
950 689 1179 781 intulissent,

59 809 101 878 in
119 803 348 878 Britanniam
369 808 593 908 profugisse.
628 809 754 882 Petere
778 831 850 877 non
875 805 991 877 solum
1008 803 1179 880 Bellova-

58 943 146 1008 aas,
170 919 365 992 sedetiam
386 951 454 1021 pro
482 925 542 996 tzts
569 923 736 1010 Aeduos,
761 935 804 993 ut
828 945 897 992 suo
921 919 1109 991 clententra
1132 943 1178 992 aa

57 1036 335 1110 mansuetudine
348 1041 389 1110 in
401 1063 462 1113 eos
476 1053 612 1112 utatur.
633 1038 737 1139 Quod
753 1040 787 1108 si
789 1033 951 1130 fecerit,
967 1035 1178 1132 Aeduorum

55 1157 311 1227 auctoritatem
330 1155 430 1253 apud
445 1181 567 1230 omnes
584 1155 722 1254 Belgas
743 1145 1071 1251 amplificaturum:
1087 1177 1178 1248 quo-

56 1295 144 1344 rum
162 1273 313 1344 auxiliis
330 1284 437 1372 atque
453 1273 603 1373 opelius,
628 1277 664 1344 si
679 1297 751 1380 qua
767 1269 859 1344 bella
874 1269 1087 1359 inciderint,
1111 1295 1178 1344 su·

56 1399 216 1460 stentare
232 1393 449 1463 consuerint.

141 1494 199 1574 15.
237 1502 373 1578 Caesar
402 1503 554 1580 honoris
587 1501 767 1580 Diviatici
804 1508 918 1602 atque
951 1501 1170 1577 Aeduorum

56 1641 190 1692 caussa
203 1643 281 1724 sese
295 1647 357 1696 eos
374 1625 535 1699 infidam
550 1631 789 1725 recepturum
808 1627 849 1695 et
863 1629 1174 1695 conservaturum

56 1737 176 1811 dixit:
203 1738 287 1830 sed,
314 1742 414 1840 quod
433 1749 515 1816 erat
532 1743 664 1816 civitas
693 1763 828 1838 magna
845 1738 944 1810 inter
960 1735 1092 1835 Belgas
1111 1761 1177 1808 au·

55 1857 235 1933 ctoritate
252 1865 367 1958 atque
385 1861 581 1934 hominum
595 1857 836 1934 multitudine
856 1855 1093 1954 praestabat,
1108 1853 1175 1930 DC

54 1973 203 2048 obsides
228 1979 409 2078 poposcit.
427 1978 502 2050 'His
528 1976 701 2066 traditis,
727 1973 973 2070 omnibusque
993 1973 1106 2046 armis
1124 1993 1174 2046 ex

1 2139 2 2142 η
54 2088 195 2190 oppido
235 2093 420 2184 conlatis,
453 2093 500 2166 ab
528 2091 682 2168 eoloco
711 2091 750 2164 in
777 2089 866 2162 fines
894 2089 1174 2164 Ambianorum

52 2209 253 2303 pervenit,
280 2211 342 2306 qui
361 2235 399 2283 se
417 2233 556 2306 suaque
575 2209 700 2282 omnia
717 2207 794 2279 sine
807 2227 917 2282 ,mora
935 2201 1173 2276 dediderunt:

52 2323 197 2396 Eorum
224 2327 314 2399 fines
338 2327 467 2400 Nervii
496 2325 758 2425 adtingebant:
787 2341 947 2418 qaorum
968 2317 1012 2390 de
1034 2325 1171 2391 natura

51 2437 297 2537 moribusque
323 2441 459 2514 Caesar
485 2466 601 2539 quum
628 2443 840 2540 quaereret,
868 2435 921 2507 sio
946 2431 1172 2531 reperiebat:

53 2556 210 2629 Nullrem
236 2557 375 2632 autem.
399 2583 476 2632 esse
500 2557 550 2630 ad
571 2583 631 2631 eos
657 2551 941 2642 mercatoribus:
979 2549 1075 2623 niltil
1092 2550 1175 2648 pati

55 2676 155 2771 vini,
183 2673 469 2774 reliquarumque
487 2701 607 2748 rerum
632 2674 683 2746 ad
697 2675 880 2746 luxuriam
896 2673 1174 2768 pertinentium,

51 2789 207 2875 inferri,
232 2789 329 2888 quod
343 2789 402 2860 leis
420 2787 523 2861 rebus
540 2789 809 2887 relanguescere
824 2790 963 2858 animos
981 2797 1016 2856 et
1032 2783 1170 2856 remitti

50 2909 223 2980 virtutem
249 2908 515 2979 existimarent:
541 2931 617 2980 esse
643 2881 803 2979 liomines
814 2903 924 2999 seros
950 2925 1172 3002 magnaeque

49 3027 220 3098 oirmtts:
234 3027 447 3119 increpitare
465 3036 569 3120 atque
586 3027 751 3096 incusare
768 3025 921 3120 reliquos
935 3019 1090 3118 Belgas,
1110 3025 1174 3120 qut

48 3165 89 3213 se
105 3139 244 3236 Populo
259 3140 420 3238 Romano
434 3139 653 3213 dedidissent
666 3144 892 3238 patriamque
909 3143 1073 3214 virtutem
1088 3163 1173 3236 pra·

48 3257 240 3326 iecissent.-
255 3251 491 3348 confirmare,
513 3279 590 3327 sese
606 3279 717 3352 neque
734 3257 870 3352 legatos
887 3255 1081 3338 missuros,
1107 3273 1168 3322 ne·

48 3396 121 3472 que
137 3369 250 3442 uliam
266 3369 500 3442 conditionem
514 3375 618 3468 pacis
636 3383 855 3469 accepturos.

82 3573 181 3625 Petere
212 3589 264 3622 non
293 3572 384 3624 solum.
417 3569 489 3626 Edit.
524 3581 576 3626 vet.
645 3593 700 3646 seq.
718 3587 808 3630 ortam
825 3573 973 3644 suspicetur
989 3579 1017 3624 et
1033 3589 1063 3623 ex
1084 3583 1119 3620 ι’·
1143 3589 1169 3624 2·

48 3639 196 3692 Prae-’lem
212 3650 304 3708 Petere·
645 3643 771 3697 Gruterus
780 3642 886 3695 verbum
896 3640 1077 3710 pertinentium
1089 3606 1170 3690 sitiet

81 3717 237 3758 sustentare.
260 3707 346 3760 Aedui
368 3707 484 3776 aBelgis
504 3707 577 3760 unxi·
645 3710 760 3763 volebat.
790 3711 905 3765 cracem
935 3714 962 3758 et
989 3705 1081 3758 Celsus
1109 3722 1170 3756 cum

47 3771 118 3825 lium
137 3781 225 3844 petere
244 3771 356 3838 solent,
378 3783 408 3827 ut
427 3795 500 3848 pares
522 3776 578 3828 siut
645 3778 752 3844 vulgato
768 3777 949 3831 consentiunt.

47 3839 120 3893 bella
138 3841 260 3909 gerendo.
277 3841 320 3893 M.
678 3851 778 3897 attimar
790 3858 885 3896 earum.
900 3840 1048 3894 Dalarerim
1059 3851 1170 3904 aarum,

80 3905 142 3966 reri,
159 3909 229 3978 quael
244 3921 310 3960 erat.
329 3907 384 3962 Alii
401 3922 435 3962 et.
645 3914 715 3982 qnod
733 3910 788 3964 fieri
803 3931 878 3984 posse
896 3907 978 3963 sensit
992 3905 1115 3960 Oudend.
1137 3905 1169 3958 Si

80 3975 343 4095 &metalli
355 3991 386 4096 lep
403 3983 518 4100 ιἰιεῑν.ῙΜΙ
555 4045 576 4099 b
644 3979 679 4032 nd
691 3979 801 4100 Nerppos
807 3971 1169 4099 ffssroeqffiuffebssgssffi:

79 4063 98 4093 α
208 4062 222 4093 ·.
304 4063 329 4095 n.
381 4065 555 4100 resera
644 4065 712 4098 aare.
774 4084 781 4098 .
835 4063 960 4098 arvia

47 4107 119 4164 baud
135 4111 225 4178 paucis
236 4061 317 4163 piſtris
334 4109 437 4166 absunt.
449 4113 479 4166 Si
497 4113 577 4164 ornit-
643 4132 657 4165 e
687 4113 771 4184 glossa
800 4115 931 4170 adiectum
953 4117 981 4164 et
1010 4059 1168 4161 sitiendum.

48 4185 162 4242 tantur,
188 4177 272 4229 voluit
288 4177 382 4232 Caeam
402 4180 507 4246 dicere,
525 4180 593 4247 id,
642 4179 723 4251 Apud
735 4175 1170 4252 CelsumetmetapbrasteuGrae·

47 4244 119 4314 quod
142 4243 196 4296 iem
218 4243 339 4298 (ludend-
361 4247 447 4314 virili,
465 4247 576 4301 Nervios
643 4267 702 4302 cum
720 4249 836 4314 generale
854 4248 962 4300 effatum
980 4255 1027 4298 est.
1041 4243 1085 4296 Cs-
1098 4252 1128 4308 4,
1142 4259 1168 4294 2.

47 4311 160 4362 omnino
190 4310 259 4364 nibil
284 4315 410 4367 mercium
437 4314 503 4366 velle
531 4333 576 4367 ex·
674 4317 836 4369 dedidioeent.
854 4315 918 4368 Alii.
934 4316 1069 4368 dedissent.

48 4380 178 4431 trinam
202 4380 341 4450 inportari.
370 4383 409 4434 M.
440 4381 520 4436 Plane
544 4391 576 4435 ut
673 4376 1167 4466 corpfirmare,adfirmare,utapudCie·

48 4455 81 4508 t.
108 4461 133 4497 ²·
150 4445 272 4504 Ouidana
290 4447 423 4522 vulgatum
440 4469 473 4506 ex
489 4449 576 4506 vorbis
641 4449 676 4505 nd
688 4451 749 4509 Der.
761 4455 795 4520 6,
808 4451 832 4506 3.
843 4469 890 4524 ego
901 4450 945 4505 tiit
956 4450 1004 4502 too
1013 4447 1147 4517 confirm.
