3068 5260
478 333 775 398 olssen'rnrio.
1077 317 1192 402 xxm

54 539 291 636 patrocinari
313 535 388 612 loco
415 539 537 638 irripuo
563 565 635 611 non
659 539 836 613 desinunt.
882 541 972 640 Cap.
1000 541 1060 618 33.
1083 546 1193 621 ther*

57 683 177 758 tum,
203 675 266 768 qut
276 667 420 763 fuisset
443 672 521 742 eius
547 668 779 742 concubitum.
834 669 924 769 Cap.
964 673 1025 769 39.
1047 675 1192 772 grados·

56 797 175 870 hatur
200 795 394 896 Hispalim.
433 796 526 895 Gap.
551 800 610 886 42.
635 803 857 896 prouinciam
878 798 1113 899 depopulavit.
1139 805 1190 880 Et

60 931 219 1023 praeter
245 947 389 998 rnorem
418 925 553 998 horum
567 926 792 1024 scriptorum
810 925 920 999 Ennii
938 933 1071 1025 pottae
1093 929 1190 1033 frag·

60 1057 199 1125 menta
227 1051 416 1143 advocat,
441 1073 475 1126 e.
503 1054 572 1140 23,
599 1055 661 1126 31.
688 1049 755 1124 llla
774 1073 866 1125 vero
893 1076 1008 1152 quam
1034 1057 1189 1154 inepta,

60 1185 205 1281 quibus
247 1190 376 1256 tamen
417 1183 611 1270 (laesam
651 1183 788 1254 summi
833 1184 1190 1283 prudentissimique

60 1312 249 1402 oratoris,
273 1333 469 1409 personam
496 1310 573 1408 agit
598 1307 660 1380 hic
686 1309 879 1407 sophista:
907 1307 994 1399 An,
1031 1336 1093 1384 me
1116 1311 1180 1386 de·-

56 1441 131 1512 Ieto
151 1493 162 1529 ,
187 1465 258 1512 non
274 1437 625 1525 animadvertebam,
643 1437 684 1508 X
699 1437 827 1512 tatere
843 1439 999 1537 legiones
1012 1441 1188 1538 populum

58 1597 281 1646 romanum:
307 1594 398 1670 quoe
422 1595 493 1641 non
516 1567 634 1640 sotum
660 1565 755 1642 vobis
781 1567 962 1652 adsistere,
990 1569 1056 1642 sed
1070 1576 1182 1642 etiam

56 1703 201 1776 coelum
225 1701 366 1776 diruere
387 1700 568 1795 possent?
592 1696 864 1772 Declamatoris
888 1698 971 1790 nn,
997 1724 1072 1775 non
1091 1727 1174 1777 ora-

56 1834 190 1922 toris,
214 1831 405 1906 affectatio
441 1817 509 1903 est.
561 1828 747 1901 Dixerunt
782 1827 931 1926 quidem
970 1829 1152 1908 Germani
1169 1868 1191 1924 ,·2

56 1960 197 2030 Suavis
222 1962 297 2031 suis
324 1981 370 2030 ne
397 1959 495 2030 Deos
523 1956 675 2052 quidem
700 1955 931 2032 immortales
957 1981 1063 2058 pares
1100 1983 1182 2034 esse

59 2085 259 2180 potuisse,
287 2083 378 2157 Bell.
406 2083 503 2158 Gall.
529 2083 573 2156 L.
599 2085 663 2156 lv.
691 2105 772 2182 cap.
792 2107 848 2156 10.
865 2083 927 2156 sed
945 2085 1092 2158 barbari
1112 2085 1180 2175 illi,

56 2233 136 2281 non
164 2214 323 2284 romani.
350 2215 452 2286 Inter
478 2212 740 2286 Ciceronianae
775 2210 983 2282 multorum
1015 2233 1180 2284 coaevo·-

55 2361 146 2408 rum
173 2337 330 2437 legimus
357 2339 557 2440 epistolas,
584 2337 684 2412 nulla
709 2345 857 2441 tamen,
882 2359 979 2433 qnae
1018 2336 1180 2408 cothus.

58 2485 154 2532 unm
183 2462 288 2536 illurn
314 2466 444 2565 sapiat.
496 2467 652 2540 Nullum
695 2471 801 2554 erat,
837 2469 960 2538 aetate
985 2463 1178 2552 Caesaris,

57 2598 184 2668 otium
208 2597 416 2672 istiusmodi
442 2599 580 2700 ingenii
605 2583 776 2686 lusibus,
803 2619 889 2668 curn
917 2595 961 2668 de
987 2595 1099 2668 rebus
1118 2621 1175 2670 se-

56 2729 122 2801 riis
150 2731 496 2828 momentosisque,
537 2728 690 2802 devita
723 2727 955 2830 fortunisque
994 2727 1176 2804 clientum

39 2855 117 2927 =vel
133 2855 234 2928 sarna
247 2863 400 2956 agerent
413 2862 590 2931 oratores.
611 2858 709 2930 Sunt
727 2854 966 2928 nihilominus
980 2857 1174 2954 primaevi

57 2989 228 3060 auctoris
253 2989 365 3061 Hirtii
398 2987 513 3060 etiarn
540 2987 577 3060 in
604 2986 676 3060 hoo
704 3009 814 3086 opere
856 2988 1022 3086 vestigia.
1069 2996 1176 3082 Quae

56 3119 180 3192 habet
205 3119 533 3222 commuuiapum
560 3117 640 3192 aliis
666 3117 784 3190 bonae
810 3117 895 3192 fidei
930 3125 1172 3214 auctoribus,

54 3273 133 3320 non
162 3245 309 3320 aliunde
336 3271 525 3321 emanasse
552 3269 714 3318 censeo:
741 3245 908 3343 inprimis
934 3244 1047 3336 illud,
1073 3251 1176 3345 qnod

58 3382 261 3453 Caesarem
289 3376 392 3453 dicat
417 3377 641 3450 dictatorem
670 3377 736 3463 111,
768 3375 1002 3476 designatum
1019 3381 1081 3468 IV,
1101 3408 1177 3456 non
1270 3371 1273 3378 ’

56 3509 73 3604 (
102 3515 149 3580 nt
178 3508 261 3582 vult
287 3515 421 3582 auctor
448 3506 612 3604 alioquin
639 3505 939 3579 accuratissimus
965 3506 1002 3578 in
1018 3507 1174 3582 historia

52 3661 238 3726 romana,
264 3635 470 3736 Sigonius)
499 3658 618 3725 anno,
644 3658 719 3732 quo
745 3633 913 3706 Africam
930 3637 1093 3733 recepit,
1107 3637 1173 3710 sed

54 3787 132 3860 qno
161 3761 257 3835 bello
284 3761 384 3836 civili
411 3763 449 3834 in
476 3762 653 3860 Hispania
680 3760 791 3832 finem
817 3760 1020 3858 imposuit,
1056 3763 1166 3832 Varr.
1237 3747 1251 3758 ”

57 3891 204 3963 scilicet
232 3912 316 3988 709.
359 3891 420 3964 Sic
448 3891 547 3964 enirn
572 3903 712 3962 coaeva
740 3912 935 3961 marmora
960 3888 1172 3986 Capitolina
1266 3973 1273 3988 ἢ

55 4025 171 4116 atque
192 4019 400 4094 Colotiana.
420 4019 480 4092 Sic
500 4018 613 4091 etiam
633 4019 762 4090 coaevi
782 4015 897 4088 numi.
916 4016 995 4088 lmo
1014 4024 1172 4105 auctor,

55 4173 171 4246 quem
198 4149 445 4247 sequebatur,
470 4147 714 4220 Plutarchus:
730 4145 861 4220 melius
879 4146 1035 4234 scilicet,
1058 4175 1172 4247 quarn

56 4279 143 4369 alii,
170 4279 283 4353 etiarn
312 4285 486 4369 veteres,
512 4301 583 4351 neo
615 4277 661 4349 ab
705 4275 778 4354 hoc
809 4275 935 4352 seculo
969 4278 1172 4354 admodum
