3026 5264
375 353 468 448 323
710 359 793 444 'nn
830 385 963 446 nesio
998 389 1120 450 sunu

372 587 520 660 cibariis
547 582 676 658 eodem
702 585 786 661 locu
813 595 982 687 possent,
1009 582 1082 662 tale
1110 585 1300 662 consilium
1333 587 1382 660 sui
1404 609 1450 660 re-

372 701 531 800 cipiendi
556 703 732 775 inierunt.
766 703 916 788 Fauces,
943 709 999 777 uti
1024 705 1271 792 consederant,
1303 715 1452 774 stramen·

371 832 489 892 torum
514 845 558 891 aa
584 821 841 916 virgultorum,
881 847 1034 917 quorum
1065 845 1208 892 summu
1238 833 1313 892 erut
1345 823 1378 890 in
1405 847 1454 889 ru-

371 936 457 1005 stris
483 937 605 1030 copia,
626 957 693 1030 per
717 957 845 1006 munus
870 939 963 1006 iuter
987 960 1026 1008 se
1043 935 1256 1018 transditos,
1274 946 1351 1004 ante
1364 937 1453 1004 uetur

371 1049 659 1138 conlocaverunt,
683 1061 908 1148 extremoque
932 1063 1088 1146 tempore
1102 1051 1193 1138 diei,
1211 1055 1315 1149 signo
1327 1077 1455 1147 pronun-

367 1165 489 1250 ciata,
515 1187 586 1234 uno
611 1175 766 1258 tempore
789 1163 1034 1236 r'ueeuderunt.
1086 1165 1145 1236 lta
1163 1165 1354 1236 continens
1376 1159 1456 1234 flain-

372 1305 433 1352 ma
461 1281 588 1378 copias
614 1303 743 1351 omues
769 1283 920 1377 repente
947 1305 969 1352 a
995 1287 1198 1380 conspectu
1226 1281 1322 1354 texit
1347 1282 1456 1351 Ruma-

372 1417 519 1466 norum.
572 1391 682 1484 Quod
710 1391 773 1464 ubi
800 1393 964 1484 accidit,
991 1395 1138 1468 barbari
1157 1394 1456 1468 vehementissime

373 1535 485 1586 eursu
514 1510 743 1609 refugerunt.

430 1625 488 1698 16.
514 1625 668 1712 Caesar,
685 1625 753 1697 etsi
771 1622 973 1698 discessum
991 1624 1153 1698 hostium
1172 1625 1340 1696 animum
1355 1622 1459 1695 adver·

374 1745 456 1813 tere
483 1762 555 1810 nou
584 1745 751 1836 poterat,
776 1739 955 1812 incendiis
980 1739 1177 1839 obpositis;
1198 1745 1324 1810 tamen
1340 1737 1375 1810 id
1393 1759 1459 1807 cou-

372 1855 497 1931 silium
523 1879 641 1952 quum
669 1855 777 1954 fugae
804 1879 934 1928 caussa
959 1855 1094 1928 initum
1121 1855 1394 1952 suspicaretur,
1417 1851 1459 1922 le-

373 1969 500 2070 giones
517 1975 892 2066 promovet,turruas
906 1971 1024 2043 mittit
1041 1969 1087 2042 ad
1106 1971 1389 2066 insequendum:
1405 1969 1460 2065 ipse

373 2089 516 2162 veritus
542 2087 713 2172 insidias,
739 2113 784 2160 ne
810 2086 905 2160 forte
932 2088 969 2159 iu
996 2083 1127 2159 eodem
1153 2088 1236 2160 loco
1273 2089 1461 2160 subsisteret

374 2203 492 2276 hostis
519 2207 632 2299 atque
659 2201 792 2275 elicere
821 2208 967 2274 nostros
992 2203 1029 2274 in
1056 2200 1180 2274 lucum
1201 2197 1462 2274 conareturiui·

373 2343 511 2418 quum,
536 2319 679 2392 tardius
706 2317 886 2417 procedit.
929 2319 1083 2414 Equites
1109 2341 1225 2415 quum
1251 2320 1390 2391 intrare
1418 2315 1462 2386 s·

376 2457 483 2508 mum
508 2439 548 2506 et
573 2431 764 2506 flammam
784 2433 1038 2504 densissimam
1063 2433 1257 2519 timerent3
1284 2457 1353 2523 ac,
1374 2427 1462 2524 siqui

377 2547 547 2646 cupidius
578 2549 832 2636 intraverant,
859 2549 923 2619 vix
949 2570 1101 2619 suururn
1120 2545 1186 2644 ipsi
1208 2547 1348 2642 priores
1367 2549 1465 2642 partes

378 2663 618 2736 adverterent
644 2687 847 2761 equorum
872 2663 1021 2736 insidias
1050 2664 1177 2754 veriti,
1202 2663 1359 2738 liberam
1378 2658 1466 2734 facul-

338 2891 339 2894 ’
411 2881 530 2929 iriierum.
555 2877 611 2930 Alii
626 2891 769 2948 caeperunt.
969 2877 1086 2948 Iugurth.
1105 2883 1155 2944 (es
1177 2916 1184 2930 .
1203 2883 1256 2944 24)
1274 2877 1468 2939 statuerentur

411 2946 589 3007 wnsederant,
618 2945 706 2999 locum
723 2954 901 3016 occuparant,
971 2955 1055 2998 tutam
1073 2897 1241 3016 parentlresin
1267 2967 1323 3000 esse
1344 2949 1377 3000 ab
1400 2949 1468 3014 inepte

379 3015 407 3066 in
426 3031 480 3084 quo
491 3012 726 3066 commorabantur.
739 3014 843 3066 Aliiuli
855 3029 902 3082 pro
970 3013 1093 3074 liemiue,
1119 3015 1166 3084 qui
1195 3033 1248 3066 uon
1278 3015 1432 3068 intellexerit
1453 3033 1469 3061 :r

379 3087 428 3133 uti:
445 3099 499 3133 uon
517 3079 595 3132 bene:
615 3099 677 3132 uem
688 3087 726 3132 uti
736 3083 903 3132 aunsederunt
969 3083 1148 3142 eorrsederunt,
1166 3090 1193 3132 et
1209 3081 1379 3152 adscripserit
1393 3075 1469 3147 ulirpud

380 3159 435 3210 est,
457 3147 529 3219 quod
551 3147 616 3201 alibi
639 3150 737 3202 dicitur
762 3161 789 3199 ut
807 3160 901 3205 oraru,
969 3149 1002 3199 de
1019 3149 1100 3200 snrlto
1118 3147 1168 3201 huc
1185 3145 1236 3201 ritu
1256 3159 1283 3201 et
1299 3147 1470 3204 commenticio.

380 3223 411 3278 ὥς
429 3219 501 3286 lixae.
520 3217 557 3268 M.
970 3215 1081 3286 ideoque
1099 3217 1189 3268 omnia
1206 3217 1268 3268 haee
1280 3217 1373 3277 verbe,
1392 3213 1471 3267 inclusa

414 3303 521 3354 nutuque
538 3289 565 3334 in
576 3288 628 3335 aeis
639 3283 726 3336 sedere
738 3283 832 3335 Gullm
844 3299 904 3331 oon·
968 3282 1135 3402 parenthesi,
1160 3301 1215 3336 esse
1241 3285 1348 3354 penitus
1370 3279 1470 3335 tollenda

379 3370 475 3414 suesse,
486 3353 657 3421 superioribus
665 3355 852 3400 commentariis
863 3349 903 3398 de·

379 3421 505 3470 claretum
522 3431 568 3470 est.
594 3419 659 3480 Huc,
685 3420 819 3468 intrusum
843 3425 903 3486 post
969 3425 1096 3488 terpretes
1113 3418 1146 3471 de
1158 3417 1183 3467 li.
1196 3416 1215 3468 l.
1227 3417 1362 3469 dixerunt.
1374 3419 1412 3470 M.
1429 3413 1471 3461 lut

379 3488 557 3546 consederunt,
571 3487 694 3555 nuspiam
708 3486 807 3536 dictum
822 3493 862 3534 est
873 3484 901 3534 in
970 3487 1116 3554 meritoque
1141 3503 1183 3536 me
1210 3487 1371 3554 expunxisse
1394 3479 1470 3542 crulu3

380 3555 575 3607 commentariis
593 3555 725 3604 laesuris:
749 3570 830 3612 uam,
853 3551 903 3621 qui
969 3563 1103 3605 servarant
1119 3553 1189 3605 Oud.
1207 3563 1233 3604 el
1253 3555 1352 3604 litones.

379 3621 430 3674 loci
449 3621 476 3670 in
494 3619 561 3671 lianc
578 3637 632 3671 rem
649 3619 791 3672 laudantur
808 3617 862 3683 (ele
873 3617 901 3670 B.
1003 3630 1102 3672 terruere
1114 3624 1201 3672 nituit.
1218 3619 1304 3688 Vulgo
1316 3631 1339 3670 et
1352 3630 1471 3669 rursusne

380 3687 450 3740 Gall.
469 3683 497 3748 3,
514 3693 646 3756 18,quem
661 3688 747 3739 loeuru
761 3688 904 3738 Hotoman·
1005 3689 1151 3740 subsisteret
1166 3687 1256 3738 hastis.
1291 3687 1406 3738 l’rael'eru
1421 3683 1471 3733 haur

380 3774 431 3806 nus
451 3753 578 3824 protulit,
596 3763 643 3806 aut
660 3755 725 3806 ibid.
744 3751 774 3815 3,
796 3771 837 3818 17,
850 3771 903 3823 qun
972 3753 1129 3820 lectionem
1147 3753 1225 3821 vulgo
1249 3755 1394 3813 subsistere,
1435 3745 1471 3796 red

380 3821 515 3874 Fabricius
542 3821 575 3872 ad
598 3823 677 3874 Dion.
701 3823 773 3872 (uss.
800 3820 845 3888 39,
872 3825 902 3884 45
972 3823 1040 3874 mule
1057 3824 1169 3894 refertur
1185 3821 1218 3873 ed
1240 3833 1383 3872 mnereur.
1419 3769 1472 3868 lule

379 3907 443 3942 usus
460 3897 500 3941 est
513 3893 537 3950 ),
562 3888 590 3939 hi
616 3907 677 3956 erge
696 3891 813 3959 preli-cto
836 3887 904 3939 nilril
972 3890 1021 3942 hoc
1039 3909 1053 3942 e
1069 3889 1146 3942 codd.
1164 3889 1270 3940 monuit
1286 3887 1373 3940 Deris.

381 3957 433 4008 tale
452 3957 605 4018 continent,
623 3956 700 4026 quale
713 3957 846 4008 continere
859 3955 904 4007 du·
1005 3959 1113 4025 Erputes
1131 3981 1164 3996 -
1188 3956 1257 4007 Hau:
1284 3963 1312 4006 et
1335 3951 1437 4005 ,brevius
1455 3951 1473 3994 tl

380 4023 455 4081 heut,
475 4025 600 4094 quoniam
618 4025 644 4074 in
666 4025 749 4092 priore
767 4021 834 4072 uiliil
852 4023 905 4075 uisi
972 4025 1154 4077 inditisstius
1171 4023 1289 4076 narrarit
1305 4022 1356 4073 Dio
1367 4021 1432 4072 Cass·
1444 4025 1473 4074 4⁰.

380 4105 511 4142 sarmenta
536 4103 560 4140 et
586 4093 695 4160 virgulta
715 4089 828 4156 legitur3
858 4089 905 4141 sed
973 4101 1014 4156 4²·
1040 4045 1077 4143 All.
1384 4087 1387 4096 ¹

381 4156 446 4226 quid
471 4157 518 4208 hoc
541 4155 573 4208 ad
598 4157 677 4208 reni?
705 4159 733 4208 in
769 4159 904 4208 rosteriore
1000 4159 1110 4230 firmum.
1147 4155 1232 4210 Codd.
1250 4155 1355 4226 quidum
1371 4161 1473 4206 summm

380 4241 443 4274 vero
460 4223 541 4273 torris
558 4227 668 4274 consedit
686 4177 815 4290 signiiest
825 4263 833 4285 ,
859 4224 905 4273 liu·
972 4230 1074 4296 iugurrr3
1091 4225 1154 4278 iude
1166 4224 1237 4279 oud.
1256 4225 1380 4276 coniectat
1388 4223 1472 4291 suerruu

380 4295 427 4340 stis
443 4303 530 4340 casleu
544 4296 638 4360 posuit.
664 4291 796 4344 Praeterea
808 4301 848 4344 est
859 4289 904 4344 alr·
972 4297 1062 4364 iugem.

381 4354 506 4415 surdum,
538 4357 636 4407 milites
666 4359 693 4408 iu
723 4361 778 4410 scie
807 4358 903 4409 sedere.
1005 4361 1175 4410 deterrueruut.
1204 4355 1290 4426 Vulgo
1307 4354 1473 4409 mundetur

381 4421 469 4492 Quare
493 4423 570 4476 eredo
587 4424 712 4488 ll'assiu,
736 4426 771 4478 ad
795 4425 903 4480 Sallust.
972 4437 1044 4488 reret,
1063 4429 1153 4479 miuus
1169 4433 1246 4480 reete.

995 3371 1039 3403 aec
1056 3359 1095 3402 est
1111 3368 1212 3402 summa
1231 3370 1331 3410 eonem,
1357 3369 1419 3421 spiare
1441 3363 1470 3394 ru·
