3026 5264
1139 255 1150 300 Ι

343 381 423 440 rm.
459 383 544 440 viu.
579 381 672 440 car.
712 367 872 467 ipo—42
1078 351 1172 471 345

64 581 108 655 ab
134 579 248 654 vineis
274 587 393 680 agunt
419 580 467 654 ad
493 590 608 680 caput
635 583 766 674 fontis,
793 587 894 680 quod
916 607 1032 682 genus
1054 589 1177 685 operis

65 703 135 772 sine
159 697 236 770 ullo
263 696 428 796 periculo
455 707 493 771 et
517 701 595 772 sine
621 703 829 799 suspicione
857 701 1022 774 hostium
1051 703 1177 778 facere

64 814 206 888 licebat
224 814 442 887 Exstruitur
455 839 568 914 agger
585 816 623 888 in
642 815 881 890 altitudinem
899 815 1036 916 pedum
1051 821 1176 909 Vllll,

64 931 278 1004 conlocatur
302 932 339 1002 in
358 955 403 1004 eo
421 932 534 1006 turris
553 933 588 1004 X
611 931 892 1024 tabulatorum,
925 961 999 1008 non
1019 938 1173 1034 quidem

65 1069 155 1142 quae
183 1047 377 1118 moenibus
403 1045 702 1144 adaequaretur,
728 1047 766 1121 id
794 1051 893 1122 enirn
921 1048 1030 1122 nullis
1056 1053 1179 1147 operi·

64 1166 129 1238 bus
154 1161 253 1238 effici
280 1170 456 1263 poterat,
483 1162 547 1236 sed
574 1187 670 1260 quae
696 1173 889 1262 superaret
922 1165 1035 1240 fontis
1071 1167 1178 1240 fasti-

65 1281 177 1378 giom.
230 1279 286 1350 Ex
326 1300 369 1350 ea
409 1301 526 1394 quqm
563 1277 636 1352 tela
662 1282 860 1352 tormentis
885 1279 1098 1352 iacerentur
1129 1279 1177 1352 ad

65 1398 172 1469 fontis
199 1396 348 1486 aditus,
388 1419 457 1468 nec
496 1395 575 1468 sine
614 1396 781 1494 periculo
815 1403 966 1494 possent
999 1396 1177 1494 adaquari

65 1517 261 1617 oppidani;
302 1539 376 1588 non
401 1523 551 1588 tantum
579 1539 715 1612 pecora
742 1521 856 1610 atque
881 1518 1078 1604 iumenta,
1113 1513 1178 1588 sed

65 1635 173 1704 etiarn
202 1655 338 1730 magna
361 1629 554 1701 bominum
572 1627 776 1712 multitudo
794 1629 855 1701 siti
873 1627 1178 1702 consumebatur.

112 1751 172 1833 42.
201 1749 286 1837 Quo
314 1743 412 1817 malo
433 1744 620 1842 perterriti
641 1744 814 1843 oppidani
833 1769 944 1841 cupas
961 1767 1061 1828 sevo,
1077 1745 1178 1837 pice,

63 1863 233 1934 scindulis
259 1863 461 1958 compleat:
487 1859 736 1932 corradentes
762 1866 801 1932 ιἰι
826 1885 934 1960 opera
956 1859 1177 1956 provolvunt.

64 1975 196 2049 Eodem
221 1989 377 2071 tempore
401 1979 575 2072 acerrime
595 1975 842 2070 proeliantur,
873 1988 914 2045 ut
945 1973 990 2044 ab
1015 1972 1178 2044 incendio

64 2092 312 2189 restinguendo
351 2091 579 2163 dinu'catr'one
615 2101 651 2162 et
684 2091 844 2187 periculo
878 2089 1075 2162 deterreant
1100 2087 1179 2160 Ro-

64 2231 198 2276 manos.
239 2203 381 2303 Magna
406 2217 547 2302 repente
571 2207 609 2275 in
633 2207 724 2300 apsis
748 2203 911 2300 operibus
925 2197 1085 2296 streame
1110 2226 1179 2272 ex-

63 2324 162 2390 stitit.
190 2317 439 2418 Quaecunque
464 2323 559 2391 enim
581 2341 649 2414 per
673 2319 790 2388 laeum
813 2319 1045 2414 praecipitem
1065 2318 1178 2386 musa

63 2451 180 2524 erant,
205 2461 269 2524 ea,
295 2439 407 2509 vineis
431 2448 466 2508 et
490 2433 869 2533 aggeresubpressa,
900 2429 1178 2527 comprehende·
1235 2477 1238 2486 ι

63 2549 143 2622 datu
167 2549 209 2622 id
227 2553 368 2648 ipsum,
385 2549 482 2647 quod
495 2548 710 2622 morabatur.
737 2545 875 2620 Milites
894 2552 1027 2618 contra
1044 2544 1180 2632 nostri,

66 2866 209 2936 perspicuis
226 2863 302 2916 codd.
320 2866 450 2934 vestigiis,
469 2863 516 2916 ubi
535 2864 587 2916 fere
688 2865 888 2934 adaequaretur.
898 2865 954 2919 Alii
962 2868 1180 2938 aequaret,adae·

65 2933 187 2983 ιιιιιίαιίοι
204 2945 282 3002 agunt
299 2934 334 2982 ad
352 2937 437 2984 vineas
460 2933 495 2982 ad
515 2943 589 3000 eaput
654 2944 755 3001 queret.

57 3000 141 3068 jonna
158 3000 267 3068 legitur3
284 3019 345 3052 uem
366 3009 463 3052 ceterae
481 3000 589 3052 varieta-
682 2999 772 3068 ιῙὶιιιιὶι
789 2999 941 3070 fastigiavit,
959 2999 1045 3054 locum
1061 3001 1182 3054 altiorem

67 3074 103 3118 tes
119 3077 184 3118 srmt
202 3067 318 3119 leviores.
347 3066 457 3136 Vulgata
474 3083 534 3116 vero
552 3065 588 3116 le·
655 3066 773 3130 montis,
804 3087 818 3118 e
847 3085 901 3136 qno
931 3069 990 3118 lons
1020 3069 1181 3137 prosiliebat.

65 3135 134 3186 ctio:
160 3135 303 3193 ceraulae,
332 3147 416 3188 crates
444 3151 475 3184 ao
502 3135 588 3184 vineae
655 3133 725 3185 Fons
742 3133 931 3211 prorumpebat
946 3132 995 3189 sub
1012 3153 1117 3188 ururuur
1134 3155 1183 3214 op-

65 3213 141 3270 agunt
157 3201 193 3251 acl
208 3213 281 3270 caput
296 3203 394 3282 jarreia:
419 3201 516 3253 absona
534 3207 587 3258 est,
656 3199 715 3270 pidi
733 3205 770 3262 (c.
790 3211 829 3264 4¹·
848 3205 916 3264 ru.):
935 3201 1062 3271 oppidum
1080 3213 1136 3256 erat
1152 3222 1182 3256 ιιι

66 3277 94 3318 ut
115 3271 272 3338 interpretes
283 3267 358 3348 pade
378 3289 393 3322 a
414 3268 508 3319 Vossie
530 3285 588 3318 mo·
656 3283 761 3318 summo
787 3275 893 3318 monte:
916 3285 975 3336 ergo
1002 3268 1060 3320 lons
1082 3269 1134 3330 ibi,
1152 3273 1182 3322 iu

65 3345 186 3387 urserunt.
203 3335 330 3388 Cellnrrus
348 3337 386 3389 sie
403 3335 531 3388 ediderat:
549 3353 590 3386 αι-
657 3333 749 3386 nltiore
773 3335 872 3386 montis
895 3333 952 3386 loro
978 3336 1183 3406 prorumpebat:
1225 3360 1229 3375 ι

65 3403 161 3454 nuulos
178 3405 213 3454 ad
229 3421 335 3473 aggeres
355 3423 385 3454 aa
406 3407 491 3452 vineas
511 3413 590 3451 arunt
657 3399 721 3454 binc
737 3399 871 3479 festigium
887 3402 970 3453 fontis
992 3411 1032 3454 est
1054 3402 1125 3455 locos
1142 3403 1182 3456 al-

66 3481 90 3520 et
115 3472 149 3522 ad
174 3483 246 3538 eaput
265 3473 370 3542 stantis,
392 3469 438 3522 sed
466 3439 589 3521 Davisius
658 3470 711 3520 tior
723 3477 834 3528 monus,
848 3468 917 3520 uude
935 3469 994 3520 sous
1010 3471 1126 3522 scaturit.
1139 3469 1183 3523 M.

66 3555 157 3588 verum
176 3537 250 3590 vidit.
269 3540 311 3589 M.
690 3535 725 3584 ud
733 3535 821 3605 jbntie
838 3535 931 3586 aditur.
949 3535 1004 3586 Alii
1021 3539 1125 3588 aditura.

97 3609 153 3656 sine
169 3603 446 3676 smpioionebortium,
459 3611 489 3654 ut
502 3601 591 3655 hostes
691 3602 829 3670 adaperuit.
874 3602 918 3656 Sic
941 3603 971 3654 C.
993 3625 1018 3664 r,
1041 3605 1082 3656 66.
1126 3603 1186 3657 Atii

66 3691 99 3724 ne
115 3675 311 3744 suspicarentur
327 3671 448 3742 quidem,
462 3669 513 3722 tale
525 3669 591 3740 quid
658 3673 761 3738 aquam.

67 3739 134 3791 fieri:
155 3739 269 3794 cuniculi
286 3741 358 3792 euim
376 3738 424 3789 sub
449 3747 514 3790 terra
532 3757 592 3805 uge—
691 3735 1183 3806 scinduliseomplenr.Vulgoscandulis.

66 3807 172 3862 bantur.
211 3807 278 3876 Ergo
295 3807 408 3858 Romani
426 3824 479 3856 nun
497 3804 593 3856 admo·
691 3805 851 3854 dimicatione
873 3817 897 3854 et
939 3807 1044 3866 crioilo,
1063 3807 1080 3856 i.
1103 3825 1125 3858 e.
1143 3807 1184 3858 di-

67 3885 162 3928 verunt
177 3883 260 3928 entes
277 3883 305 3926 et
321 3875 425 3933 viuere,
442 3881 472 3924 ut
488 3871 516 3924 iu
535 3867 593 3923 vul·
659 3871 810 3922 minationis
828 3823 950 3940 puriculd.
969 3873 1002 3924 Et
1019 3873 1081 3924 haec
1099 3873 1183 3943 expli-

66 3953 124 4012 geta
143 3941 256 3995 lectione
272 3950 342 4002 erat:
361 3958 422 3994 uam
440 3939 487 3992 boc
503 3937 592 3990 hostes
659 3938 741 3998 cauo,
758 3939 925 3990 ‹linricationir
940 3941 1068 4006 periurio,
1086 3941 1185 3992 invasit

68 4012 218 4079 potuissent
229 4009 279 4078 ipsi
288 4011 342 4060 suis
351 4005 537 4060 aculisvidere.
557 4006 593 4056 Μ.
660 4005 688 4056 in
706 4003 796 4056 multis
814 4003 887 4056 libris
905 4005 993 4060 locum
1010 4025 1084 4062 vaae
1097 4006 1185 4060 lectio·

98 4079 192 4142 pedum
209 4077 305 4130 Vim.
324 4074 352 4128 iu
370 4075 428 4128 eliis
448 4073 495 4124 VI.
515 4073 592 4126 Cisc-
660 4073 711 4124 uis.
729 4072 772 4122 M.

66 4145 162 4198 eonius
180 4163 211 4196 ex
228 4143 322 4194 Oresio
340 4147 368 4204 6,
386 4161 422 4195 ιι.
438 4141 518 4194 dabat
534 4139 592 4192 LX.
693 4143 801 4190 restitit.
818 4138 873 4192 Alii
890 4145 985 4194 existit.

96 4209 368 4281 redrecepereScelig.
382 4209 515 4272 Clerlrius,
532 4207 594 4262 Cel·
695 4207 839 4268 rrtbprussa,
863 4209 995 4278 inpedita,
1021 4225 1072 4280 quo
1097 4209 1183 4274 mirina

69 4230 168 4360 ldrius3
180 4278 226 4332 sed
237 4279 345 4357 Orosius
357 4279 406 4330 Lx
418 4277 470 4357 'det
486 4297 539 4330 nou
553 4295 596 4344 ag·
663 4283 844 4356 procurrerent
860 4275 976 4328 ulterius.
987 4275 1131 4355 Conl31ud.
1141 4275 1184 4326 M.

68 4345 595 4482 Otppeplpirl'rp’gffirrlptetucffihbrgorecte
663 4343 843 4479 aggrppgffl
862 4345 930 4468 quprl
950 4363 1016 4396 mor.
1044 4361 1133 4396 urucas
1157 4349 1185 4394 et

176 4513 334 4588 CAESAR.
360 4512 555 4587 Commeat.
581 4513 688 4585 Tam.
717 4513 745 4586 l.
958 4513 1034 4584 Xx
