3060 5276
946 299 948 306 ,
1070 253 1078 303 l

364 413 445 474 uu.
482 412 540 472 111.
576 415 668 476 cnr.
704 385 883 478 28-30.
1068 385 1184 494 ,505

57 617 289 692 maritumae
309 615 580 708 adservabant,
606 617 757 693 circiter
777 618 1082 720 quadringentis,
1106 625 1191 720 qui-

58 756 135 830 que
162 727 227 820 e'oq
253 735 388 806 armati
416 757 464 807 ex
494 734 677 834 praesidio
703 735 822 807 secuti
851 739 963 820 sunt,
993 733 1035 818 sd
1064 737 1190 812 delen·

58 848 200 921 derunt
229 854 294 939 et,
329 849 515 924 nonnullis
550 873 681 926 eorum
712 850 943 938 interfectis,
979 851 1189 930 incolumes

58 985 141 1034 sese
173 961 221 1034 ad
252 969 401 1038 nostros
435 974 671 1066 receperunt.

113 1101 178 1175 ²9·
205 1079 291 1170 Quo
328 1078 455 1170 facto,
489 1089 710 1186 conventus¹
731 1081 872 1155 civium
902 1079 1188 1167 Romanorum,

62 1189 128 1292 qui
156 1195 302 1269 lo'ssum
322 1197 538 1288 obtinebat,
565 1200 671 1297 ‚quod
690 1199 870 1300 oppidum
887 1198 932 1272 iis
949 1205 1062 1272 antea
1091 1199 1190 1274 Cae-

60 1337 125 1386 sar
143 1309 378 1388 adtribuerat
397 1316 717 1415 muniendumque
735 1321 960 1404 curaverat,
975 1315 1187 1390 Antonium

60 1427 207 1526 recepit
238 1429 488 1529 omnibusque
518 1431 629 1506 rebus
661 1433 773 1506 iuvit.
809 1428 1020 1519 Otacilius,
1043 1431 1113 1504 sibi
1143 1432 1190 1504 tu

60 1569 190 1636 mens,
219 1547 358 1647 oppido
386 1547 549 1650 fugitet
576 1549 623 1622 ad
650 1549 873 1647 Pompeium
899 1549 1085 1646 pervenit.
1116 1549 1190 1629 Exe
1292 1575 1295 1584 ·

60 1663 194 1760 positis
222 1663 395 1736 omnibus
423 1665 539 1762 copiis
562 1665 773 1755 Antonius,
806 1689 968 1763 quarum
987 1670 1191 1739 craesum-

60 1803 126 1856 ma
152 1785 417 1867 veteranarum
447 1783 563 1856 trium
591 1781 783 1882 legionum
811 1783 996 1880 uniusque
1021 1783 1190 1856 tironum

62 1903 102 1970 et
128 1899 300 1996 equitum
328 1901 655 2000 octingentorum,
691 1898 886 1998 plerasque
913 1921 1026 1972 iuves
1053 1900 1091 1982 in
1113 1901 1192 1974 lta·

61 2011 153 2088 liam
186 2017 352 2090 remittit
379 2015 425 2090 ad
452 2013 616 2113 reliquos
652 2015 790 2090 militer
818 2019 1039 2114 equitesque
1066 2024 1192 2090 uano

60 2131 291 2230 portandos:
326 2137 530 2229 pontones,
557 2129 657 2229 quod
686 2140 744 2206 eet
770 2157 888 2232 genus
914 2135 1070 2206 navium
1104 2135 1192 2208 Gal·

61 2243 244 2334 licarum,
283 2243 378 2318 Lissi
405 2243 603 2344 relinquit,
644 2245 717 2319 hoc
744 2245 920 2335 consilio,
960 2254 1004 2322 nt
1035 2248 1066 2320 si
1092 2248 1192 2323 forte

61 2362 289 2461 Pompeios,
324 2385 487 2436 vacuam
514 2363 733 2436 erdotimans
766 2361 933 2451 ltaliam,
964 2387 1009 2435 eo
1034 2365 1192 2438 transie-

64 2479 181 2552 cisset
206 2475 437 2567 euerritum,
464 2501 560 2576 quae
585 2477 712 2577 opinio
739 2483 822 2550 erat
847 2473 947 2549 edita
971 2477 1011 2548 in
1035 2475 1192 2578 vulgus,

65 2593 230 2691 aliquam
250 2595 387 2668 Caesar
413 2593 459 2668 ad
487 2593 756 2693 insequendum
776 2593 996 2667 facultatem
1013 2593 1187 2668 haberetz

65 2712 300 2810 nunciosque
326 2711 373 2786 ad
400 2737 487 2786 eum
524 2710 696 2785 celeriter
729 2711 871 2801 mittit,
894 2713 1041 2810 ‚quibus
1074 2710 1194 2812 r'eglo-

66 2827 179 2900 nibus
198 2829 414 2901 'exercitum
441 2829 672 2928 exposuisset
698 2833 738 2900 et
764 2826 854 2924 quid
886 2826 1195 2918 militumtrans·
1311 2913 1316 2922 .

67 2944 248 3018 vexisset.

121 3061 183 3135 30.
209 3061 313 3134 llaec
340 3057 472 3133 eodem
500 3055 576 3131 fere
595 3064 765 3157 tempore
791 3057 928 3130 Caesar
946 3066 1061 3156 atque
1082 3059 1194 3132 Pom·

68 3177 175 3275 peius
210 3180 474 3275 cognoscunt:
517 3197 603 3246 nam
640 3178 918 3270 praetervectas
954 3172 1193 3278 Apolloniam

67 3291 398 3388 Dyrrachiumque
426 3313 541 3362 naves
569 3287 767 3374 viderant;
794 3287 864 3386 ipsi
889 3291 962 3362 iter
988 3287 1197 3364 secundum

69 3431 134 3478 eas
160 3411 261 3478 terra
287 3405 523 3498 direxerant;
557 3403 643 3493 sed,
678 3425 753 3501 quo
780 3409 904 3476 essent
928 3426 993 3476 eae
1028 3401 1193 3492 delatae,

71 3729 128 3783 sed.
148 3726 232 3797 Saepe
249 3727 323 3782 enim
339 3743 420 3794 neque
437 3727 561 3796 sequenti
577 3736 603 3776 et
669 3721 771 3802 hebent
787 3725 886 3794 recipi,
903 3723 955 3776 etsi
972 3725 1001 3775 in
1019 3721 1093 3776 nullo
1107 3721 1197 3802 codice

70 3800 111 3853 ite
130 3795 254 3868 ponitur,
291 3803 322 3846 nt
338 3793 449 3848 alterum
466 3791 542 3844 alleri
561 3811 602 3844 rc-
624 3829 625 3832 =
669 3799 845 3871 reperiuntur:
870 3793 908 3870 Μ
937 3791 1001 3870 Post
1015 3799 1198 3910 ¹praepositio·

72 3862 227 3935 spondcat,
255 3880 316 3915 cum
345 3881 428 3915 unum
454 3857 603 3914 memhmm
670 3877 732 3912 uem
746 3877 788 3912 -er
810 3857 913 3930 equurd
935 3857 1063 3912 exordisse
1108 3855 1198 3937 oriola

72 3939 172 4014 neget.
192 3927 302 4010 qlterom
320 3931 365 3982 ait.
403 3925 530 3998 Exemplo
547 3926 602 3980 vid.
670 3935 712 3980 tiu
730 3925 799 4022 Oud.
818 3925 928 4044 hlfffim
947 3945 1047 4045 rpptoqp
1060 3930 1198 4043 :ppppiuq

72 3997 331 4125 ruallqssvtpbgagppe
351 3997 545 4117 dr'rewdiebent.
579 4075 604 4112 v.
670 4003 967 4116 utvsgppm'cffl
986 4073 1129 4112 veteranor.
1182 4045 1185 4053 ⁸

73 4133 137 4188 Iud.
160 4131 191 4184 ln
214 4130 373 4202 quibusdam
398 4129 475 4184 codd.
499 4137 540 4181 est
562 4127 605 4178 ot·
702 4141 838 4207 pontones.
863 4127 905 4181 cf.
931 4125 1000 4182 Gell.
1027 4143 1074 4187 ro,
1101 4127 1143 4174 2⁵.
1170 4133 1199 4176 et

73 4201 214 4280 renodaret
236 4199 329 4252 eodem
348 4217 446 4264 seusu,
472 4196 519 4250 sed
536 4193 605 4248 illud
671 4193 765 4274 isidor.
792 4213 840 4276 19,
859 4213 881 4246 ι.
899 4193 1030 4265 hodieque
1047 4211 1145 4248 nomen
1169 4205 1198 4242 m

76 4289 110 4324 u
132 4267 389 4400 t'xlsiiiiiiibiddresilitis.
415 4331 515 4385 Verum
531 4329 610 4387 vides
672 4259 898 4400 Giidlinrpiiiiingid
913 4325 990 4382 codd.
1009 4337 1037 4382 et
1053 4325 1114 4380 edd.
1133 4333 1199 4378 vett.

74 4413 161 4466 eunt,
179 4401 361 4472 quinpoutis
419 4405 451 4453 tir
465 4397 607 4470 legendum
671 4395 757 4467 Vulgo
774 4397 888 4467 reliquit.
1115 4406 1118 4414 ·

77 4489 136 4530 esse
154 4477 321 4526 monuerunt
361 4469 399 4520 Ta
413 4470 437 4520 in
455 4469 546 4538 utique
563 4463 608 4518 de·
705 4481 751 4516 aar
773 4465 889 4518 delatae.
926 4463 1121 4534 lumpoouot.
1138 4455 1204 4550 edda'

183 4567 341 4644 cosm.
367 4565 563 4640 Commeat.
588 4565 697 4637 Tum.
724 4563 755 4640 l.
950 4563 1048 4634 Sss
