3026 5264
73 305 89 344 Ι

83 437 165 561 ,a
201 443 349 545 ιιιιι
385 441 679 546 assessus
714 441 1150 548 οοιιιιιιιιιιιιιι

399 663 461 727 DE
493 664 644 726 BELLO
676 663 848 728 ClVlLl.

348 909 560 1042 ἰιιιιι
598 885 898 1043 'suiuus

466 1253 781 1313 ARGVMENTVM.

58 1453 138 1534 Cap.
175 1475 201 1512 1.
243 1450 361 1515 Caussa
381 1463 409 1511 et
429 1453 516 1532 origo
538 1451 607 1515 belli
625 1452 728 1513 civilis.
779 1455 827 1516 De
845 1453 951 1516 litteris
979 1453 1120 1516 Caesaris
1140 1455 1185 1516 ad
1280 1449 1282 1452 ¹

102 1552 246 1612 Senatum
267 1572 328 1610 non
349 1549 496 1630 refertur,
526 1550 708 1610 obstantibus
735 1549 864 1611 Lentulo
888 1553 956 1611 Cos.
978 1564 1005 1610 et
1038 1551 1186 1635 Scipione.

102 1668 132 1707 2.
175 1647 288 1706 Caesar
307 1649 470 1706 exercitum
493 1645 608 1706 iubetur
627 1645 781 1706 dimittere.
817 1647 846 1708 3.
889 1647 1015 1708 Senatus
1048 1647 1188 1732 Pompeio

105 1755 206 1822 aperte
239 1743 327 1823 soret
360 1755 502 1816 coactus,
547 1741 767 1823 refragantibus
812 1743 957 1808 Tribunis
995 1745 1102 1826 plebis.
1156 1749 1186 1820 l.

106 1837 268 1916 Pompeius
288 1857 319 1896 se
356 1838 486 1898 Caesari
505 1838 657 1918 insensum
677 1837 815 1898 ostendit.
859 1835 885 1898 5.
919 1839 951 1900 S.
986 1839 1022 1898 C.
1054 1836 1189 1897 Videant

105 1933 192 1994 Coss.
216 1935 401 2006 Praetores,
444 1935 574 1994 Tribuni
590 1935 706 2016 plebis,
736 1955 774 1994 ne
794 1933 872 2014 quid
889 1935 930 1994 R.
952 1937 992 1994 P.
1013 1933 1186 1994 detrimenti

102 2029 214 2110 capiat.
260 2031 287 2092 6.
324 2029 499 2088 Provinciae
530 2031 722 2109 Pompeianis
753 2030 936 2090 commissae.
983 2031 1063 2090 Tota
1094 2031 1186 2090 Italia

104 2123 236 2183 delectus
263 2123 417 2184 habentur.
460 2143 492 2204 7.
514 2126 651 2200 Caesar,
682 2123 719 2183 de
749 2125 878 2184 militum
908 2125 1058 2186 voluntate
1085 2142 1188 2187 certus.

104 2221 210 2283 8-10.
244 2223 416 2282 Ariminum
450 2221 553 2281 teneb't.
590 2220 747 2280 'Tribunos
773 2219 868 2302 plebis
898 2225 1044 2282 conuenit.
1082 2243 1189 2306 pacem

103 2341 223 2379 servare
248 2331 350 2380 tentat.
397 2342 443 2380 11.
476 2319 589 2402 iniqua
610 2315 784 2376 conditione
813 2317 949 2398 Pompeii
967 2319 1077 2377 reiecta
1097 2339 1189 2378 oceu-

100 2425 155 2494 pat
176 2416 352 2488 Arretium,
379 2415 560 2486 Pisaurum,
586 2411 726 2481 Fanum,
751 2413 921 2472 Anconam.
967 2432 1014 2472 ιι.
1036 2411 1188 2516 igurisnn.
1279 2459 1283 2464 .

105 2523 165 2570 toto
187 2513 297 2572 Piceno
318 2511 442 2570 dilectus
461 2509 555 2570 liabet.
601 2508 646 2569 13.
668 2503 811 2568 Atsxinso
829 2507 952 2588 potitur.

65 2635 144 2716 Cap.
171 2637 215 2709 sl.
244 2637 347 2695 Roma
367 2631 508 2716 trepidat.
549 2631 723 2713 Pompeius
731 2651 773 2690 ex
792 2629 1189 2694 urbeeacedit.1.entulus

45 2739 54 2762 ³
103 2742 207 2810 aperto
227 2731 347 2788 aerario
356 2728 464 2808 sugit,
482 2725 667 2805 gladiatores
689 2725 831 2786 Caesaris
853 2723 974 2805 Capuae
995 2737 1106 2785 armat.
1141 2725 1188 2787 15.

12 2863 15 2872 ·
107 2823 222 2881 Caesar
241 2821 386 2882 Asculum
406 2823 516 2902 recipit.
545 2841 588 2880 ea
607 2818 760 2882 dilectibus
782 2821 975 2900 Pompeianis
994 2839 1064 2878 snas
1083 2820 1189 2878 cobor-

105 2927 147 2974 tes
167 2927 267 2994 auget.
314 2921 359 2978 16.
392 2915 524 2999 Corfinii
542 2913 655 2975 obsidet
675 2915 868 2986 Domitium,
896 2913 948 2994 qui
992 2931 1039 2990 17.
1063 2912 1187 2993 frustra

107 3029 128 3066 a
154 3009 302 3091 Pompeio
321 3011 473 3070 auxilium
492 3011 574 3092 petit.
620 3009 665 3070 18.
703 3007 913 3088 Sulmonenses
940 3005 1067 3065 Caesari
1081 3019 1188 3088 partas

102 3107 252 3182 aperiunt.
298 3123 342 3180 ιι).
374 3105 505 3190 Corfinii
525 3101 701 3186 trepidatur.
745 3121 793 3162 20.
822 3100 972 3160 Domitius
981 3098 1097 3178 sugam
1118 3118 1188 3156 mo-

102 3195 180 3255 liens
199 3193 359 3279 inpeditur.
396 3221 444 3258 21·
468 3220 517 3256 22.
538 3200 586 3258 De
607 3195 758 3257 tradendo
780 3192 891 3275 oppido
911 3191 1020 3268 agitur.
1066 3191 1115 3248 23.
1137 3191 1186 3250 Eo

102 3289 216 3352 tradito
248 3296 387 3378 Pompeii
412 3295 510 3354 Duces
540 3295 654 3354 Caesar
688 3291 821 3350 dimittit.
855 3287 964 3345 milites
995 3300 1185 3346 sacramento

102 3387 223 3465 adigit.
257 3393 290 3448 in
314 3389 458 3472 Apsdmm
480 3391 599 3449 transit.
640 3391 690 3464 ²4·
714 3385 905 3468 Pompeius
893 3403 955 3461 ipse
984 3381 1186 3442 Brundisium

99 3481 152 3559 fu„
140 3482 181 3539 eit
194 3485 326 3562 ,copias
346 3484 516 3556 contrabit,
538 3503 661 3556 servos,
687 3493 821 3564 pastores
840 3488 950 3538 armat.
983 3476 1187 3557 Pompeiano-

100 3595 170 3634 rum
200 3578 333 3637 cobortes
364 3577 408 3636 ad
438 3578 597 3640 Caesarem
629 3591 656 3638 tr
657 3589 806 3644 anseunt,
836 3574 889 3656 qui
913 3591 1015 3631 rursus
1044 3571 1083 3628 de
1110 3593 1187 3653 pace

101 3689 172 3727 cum
196 3673 321 3754 l‘c'omp
299 3693 339 3732 ιο
360 3693 462 3733 coram
485 3693 576 3752 agere
594 3673 682 3756 cupit.
709 3672 759 3732 25.
781 3671 871 3766 Hunc
892 3667 1006 3726 Caesar
1025 3663 1187 3726 Brundisii

100 3765 235 3842 obsidet,
279 3772 326 3832 25.
349 3769 543 3852 conloquium
563 3783 761 3831 recusantem.

59 3887 399 3972 &aspramente
427 3893 630 3975 Dyrrachium
653 3891 810 3957 transsieit.
852 3888 902 3950 28.
938 3883 1124 3946 Bmsndisini
1153 3903 1186 3943 se

102 3986 231 4044 Caesari
250 3987 389 4048 reddunt.
433 4006 483 4064 ις).
503 3990 565 4047 ilie
585 3989 766 4070 Hispaniam
787 3983 970 4068 corfirmare
989 3982 1100 4040 statuit.
1133 3979 1184 4041 3ο.

98 4083 151 4144 31.
182 4082 378 4144 ESardimct
401 4085 519 4146 Cottam
545 4085 708 4157 Valerius,
741 4105 758 4140 e
782 4081 891 4140 Sicilia
922 4080 1064 4140 Catonern
1089 4079 1182 4138 Curio

96 4181 187 4238 elicit.
222 4179 376 4244 Tuberoni
396 4185 429 4241 in
463 4182 573 4254 Africa
593 4183 703 4241 resistit
729 4180 844 4240 Varus.

54 4301 130 4382 Cap.
165 4301 214 4363 32.
250 4301 365 4362 Caesar
397 4303 514 4362 Romae
543 4304 579 4372 in
599 4303 710 4362 Senatu
742 4297 781 4360 de
799 4321 874 4381 pace
893 4301 967 4380 agit.
1003 4297 1117 4378 legatos
1139 4295 1184 4358 ad
1288 4353 1293 4362 ,

99 4399 276 4482 Pompeium
307 4401 385 4458 mitti
414 4396 530 4458 suadet.
610 4397 664 4462 33.
698 4397 894 4478 legationem
926 4415 1014 4457 neusa
1048 4395 1180 4477 suscipit·
