3028 5258
328 323 420 452 578
693 357 747 417 un
781 359 915 418 nereo
950 357 1077 420 civim
1165 383 1170 394 .

324 587 390 650 ro,
414 584 531 660 neque
558 585 692 662 genere
719 561 933 652 hominum,
962 587 1080 662 neque
1108 585 1175 634 usu
1195 561 1246 632 rei
1268 556 1453 636 militaria

325 663 617 753 contemnendae
642 677 879 786 viderentnrz
909 681 1012 754 milia
1038 681 1135 752 enim
1165 679 1298 780 viginti
1328 682 1367 752 in
1389 708 1451 750 ar-

322 797 395 874 mis
421 797 594 870 babebat.
620 797 700 868 Hae
726 795 951 868 constabant
977 819 1025 870 ex
1056 795 1274 870 Gabinianis
1307 799 1449 872 militi-

323 913 418 1004 bus,
442 905 504 1012 qui
531 915 671 1002 iamin
698 911 1008 988 cousuetudinem
1036 913 1311 986 Alexandrinae
1339 897 1451 988 'vitae

260 1069 263 1076 ·
325 1053 371 1100 ac
394 1028 570 1102 licentiae
593 1034 796 1118 venerant,
820 1035 860 1101 et
886 1053 1022 1100 nomen
1049 1025 1358 1126 disciplinamque
1379 1031 1452 1100 Po-

325 1145 403 1246 puli
433 1148 593 1220 Romani
625 1128 879 1220 dedidicerant
911 1169 1119 1244 uxoresque
1154 1145 1368 1234 duxerant,
1402 1171 1450 1218 ex·

311 1260 460 1357 'quibus
492 1259 655 1362 plerique
685 1257 822 1337 liberos
857 1261 1054 1334 habebant
1093 1261 1178 1332 Huc
1211 1259 1451 1332 accedebant

329 1377 492 1454 conlecti
523 1404 571 1452 ex
599 1379 848 1478 praedonibus
878 1375 1160 1474 latronibusque
1190 1377 1318 1470 Syriae
1353 1375 1450 1447 Cili-

326 1494 478 1590 ciaeque
497 1494 712 1592 provinciae
729 1491 1061 1588 finitumarumque
1080 1491 1287 1592 regionum.
1327 1489 1449 1564 Multi

323 1611 516 1706 praeterea
547 1609 679 1706 cepitis
711 1603 880 1680 damnati
910 1605 1126 1702 exsulesque
1162 1611 1448 1678 convenerant:

322 1719 564 1819 fugitivisque
591 1721 763 1794 omnibus
790 1725 926 1796 nostris
952 1727 1077 1794 certus
1096 1727 1177 1792 erat
1195 1719 1448 1819 Alexandriae

323 1845 498 1935 receptus
525 1841 700 1936 certaque
727 1841 829 1912 vitae
855 1837 1040 1926 conditio,
1068 1843 1128 1924 ut,
1154 1836 1243 1909 dato
1270 1837 1445 1921 nomine,

323 1955 490 2028 militum
516 1964 639 2030 essent
664 1979 842 2029 numeror
877 1979 1038 2052 quorum
1069 1955 1099 2030 si
1131 1955 1214 2050 quis
1240 1979 1262 2026 a
1288 1953 1446 2026 domino

326 2069 646 2166 prehenderetur,
677 2095 861 2144 concursu
894 2067 1057 2140 militum
1092 2067 1338 2166 eripiebatur,
1379 2071 1444 2166 qui

325 2183 404 2254 vim
431 2207 606 2274 suorum,
632 2185 733 2282 quod
755 2187 793 2258 in
818 2185 928 2258 simili
952 2183 1061 2281 culpa
1083 2183 1345 2268 versabantur,
1374 2183 1443 2280 ipsi

323 2323 392 2397 pro
419 2325 486 2372 suo
513 2301 678 2400 periculo
705 2287 964 2378 defendebant.
998 2301 1046 2376 Hi
1065 2300 1211 2398 Regum
1231 2301 1373 2370 amicos
1392 2299 1443 2369 ad

323 2421 487 2486 mortem
514 2417 732 2514 deposcere3
759 2417 796 2488 bi
824 2416 922 2488 bona
948 2413 1178 2510 locupletum
1195 2411 1351 2510 diripere
1376 2415 1443 2482 sli-

323 2529 446 2628 peudii
463 2533 619 2632 augendi
638 2557 790 2620 caussa,
808 2533 919 2630 Regis
935 2531 1089 2602 domum
1103 2531 1289 2618 obsidere,
1308 2531 1440 2626 Regno

326 2641 509 2740 expellere
535 2645 645 2735 alios,
672 2647 762 2718 alios
789 2671 992 2734 arcessere,
1018 2651 1145 2720 vetere
1172 2643 1334 2742 quodam
1354 2643 1442 2714 Ale-

253 2799 256 2808 =
323 2761 495 2833 xandrini
532 2765 716 2836 exercitus
749 2764 925 2838 instituto
962 2765 1246 2834 consueverant.
1319 2760 1442 2831 Erant

323 2886 515 2976 praeterea
552 2879 720 2976 equitum
756 2877 858 2952 milia
893 2877 980 2950 duo.
1058 2883 1367 2952 lnveteraverant
1401 2879 1441 2946 ni

325 3015 454 3064 omnes
481 2992 734 3092 compluribus
760 2991 1005 3068 Alexandriae
1032 2991 1157 3082 bellis,
1182 2991 1440 3066 Ptolemaeum

324 3111 471 3203 patrem
504 3107 542 3178 in
573 3107 746 3208 Regnum
781 3108 1033 3200 reduxerant,
1067 3106 1189 3180 Bibuli
1221 3105 1313 3180 filius
1345 3103 1441 3176 duos

357 3443 428 3498 Hae.
468 3441 523 3496 Alii
558 3441 599 3498 Hi
627 3459 674 3511 per
701 3439 850 3513 synthesim
915 3439 946 3490 R.
966 3453 992 3502 7,
1010 3440 1052 3492 38·
1069 3455 1128 3489 suar
1145 3440 1262 3488 brianus.
1280 3432 1321 3486 lta
1335 3441 1362 3486 et
1379 3433 1438 3484 Lis.

279 3577 285 3591 ‚
324 3511 447 3566 nonnulli
465 3513 547 3564 Haec.
918 3522 953 3564 2,
973 3509 1013 3556 55.

324 3615 500 3734 MGalr'nlanr'
511 3615 613 3666 milites.
631 3613 709 3668 conr.
721 3631 779 3684 cup.
793 3611 849 3664 103.
916 3585 1206 3707 cuffiffil’fffflffi
1226 3593 1257 3636 ¹¹²
1275 3603 1351 3638 ⁵⁰⁰³*
1369 3584 1438 3651 pen·

949 3737 1035 3794 alios,
1064 3735 1132 3786 allos
1153 3749 1290 3784 arcessere.
1321 3731 1350 3780 ln
1375 3732 1435 3800 qni-

323 3773 654 3897 }jtzzo'ligffinduwam'
679 3773 849 3896 CquLini‘
877 3823 881 3832 ’
915 3801 1028 3854 busdam
1054 3803 1126 3877 prius
1143 3801 1208 3852 ulios
1226 3800 1306 3851 deust.
1330 3796 1360 3848 V.
1380 3809 1435 3846 not.

521 3861 549 3903 aa
567 3859 674 3894 morem.
693 3861 748 3896 vr.
800 3859 849 3914 ip„
914 3869 998 3926 ΜΟ.
1019 3869 1150 3932 hm,
1172 3873 1270 3920 21125.

324 3911 356 3966 de
373 3909 430 3962 mil·
447 3913 523 3966 ΗΘΜ·
544 3916 573 3972 ⁵⁹
594 3915 632 3965 ¹⁸¹
948 3951 1158 4002 [necteraverant
1175 3949 1211 3998 lu'.
1236 3943 1378 4014 vulgoque
1394 3965 1430 3994 m-

354 4017 565 4084 prebenda-eur.
584 4015 660 4070 Leid.
682 4033 702 4066 1.
717 4033 848 4084 premere·
915 4029 1090 4070 veteram-am
1107 4037 1127 4066 a.
1145 4015 1179 4066 A.
1197 4015 1219 4064 b.
1242 4011 1282 4064 Hi
1299 4011 1369 4062 Prot.
1386 4021 1433 4062 etr.

323 4098 375 4135 uua
387 4085 450 4136 iude
467 4085 551 4138 Bentl-
565 4085 727 4154 plectemur·
739 4085 847 4144 fnestra,
913 4083 1071 4138 Emendavit
1088 4081 1156 4136 Oud.
1174 4101 1188 4131 e
1205 4079 1282 4132 codd.

322 4149 390 4204 bene
408 4171 435 4206 se
452 4151 532 4206 habet
547 4151 619 4220 wls·
948 4175 1120 4246 assumens.
1139 4173 1239 4224 uocum
1258 4171 1351 4224 varan
1363 4171 1434 4220 aaa

357 4248 407 4295 vim
431 4261 550 4302 morum,
577 4245 632 4296 virn
656 4245 711 4298 suia
737 4244 846 4296 illatam.
915 4249 973 4308 (1,,
995 4261 1028 4304 r,
1049 4245 1099 4304 15)
1117 4239 1166 4292 huc
1184 4243 1357 4310 pertinentem
1374 4239 1433 4287 bla-

322 4309 365 4361 M.
404 4313 495 4363 assive.
513 4315 556 4366 sic
574 4322 601 4364 et
618 4314 652 4366 G.
674 4329 698 4374 r,
720 4329 759 4362 zo.
778 4317 847 4362 r'aiu-
914 4313 1004 4362 nntiue
1032 4317 1059 4360 et
1093 4307 1251 4362 Ciacconius
1279 4305 1432 4358 iudicarunt.

323 4381 364 4428 ria
381 4329 543 4448 inputem.
562 4389 589 4433 et
604 4399 627 4432 c.
640 4385 681 4436 30·
700 4383 794 4431 ierim-ia
810 4379 843 4430 P.
914 4379 956 4430 M.
