2986 5268
395 321 474 380 utu.
507 313 577 380 vn.
611 319 706 381 cnr,
748 285 916 380 13-15.

1096 289 1190 408 245

84 553 150 626 quo
181 511 377 624 patritandi
404 549 534 596 caussa
562 523 662 597 adire
687 549 794 623 posse
821 525 1015 601 videantur.
1047 525 1190 602 Harum
1236 450 1242 516 Ι

82 645 170 736 ipsis
189 645 309 712 reruin
326 642 466 736 coptam
483 639 687 736 srthpetere,
704 640 800 738 quod
807 695 818 728 ,
834 665 985 738 quorum
1003 643 1042 712 in
1049 635 1193 734 finibus

83 755 209 827 bellum
232 766 410 851 geratur,
442 753 565 826 eorum
591 753 715 854 apibus
739 755 961 830 subleventur
973 782 986 838 ;
1015 753 1197 826 Romanos

2 865 3 870 ’
82 883 146 942 aut
175 861 336 966 inopiam
367 895 438 940 non
467 870 628 957 laturos,
659 881 722 940 aut
757 893 889 969 magno
922 895 1005 941 cum
1034 870 1193 966 periculo

82 991 225 1085 longius
238 986 282 1057 ab
295 991 423 1058 eastris
433 1009 711 1084 progressuros:
725 1009 837 1084 neque
849 990 1037 1066 interesse,
1053 989 1197 1081 ipsosne

83 1097 298 1198 interficiant
314 1101 606 1199 inpedimentrsne
623 1112 777 1182 exuant,
805 1101 931 1198 quibus
957 1106 1101 1174 arnissis
1122 1101 1196 1174 bet-

82 1225 158 1295 tam
171 1227 256 1322 geri
272 1247 343 1292 non
358 1225 484 1316 possit.
511 1217 700 1292 Praeterea
716 1218 848 1315 oppida
864 1219 1008 1292 incendi
1023 1233 1199 1320 oportere,

82 1365 174 1438 quae
203 1364 274 1410 non
300 1339 495 1408 munitione
523 1347 557 1405 et
585 1333 655 1405 loci
679 1347 810 1408 natura
842 1334 885 1406 ab
914 1341 1011 1408 omni
1037 1341 1109 1407 sint
1131 1361 1198 1432 pe·-

83 1453 197 1530 rt'cula
223 1465 326 1536 tuta,·
358 1475 427 1532 neu
456 1451 533 1520 suis
559 1452 631 1518 sint
660 1449 710 1520 ad
734 1449 1001 1522 detractandam
1031 1451 1198 1520 militiam

83 1567 323 1664 receptacula,
355 1589 424 1636 neu
450 1563 623 1634 Romanis
648 1569 833 1662 proposita
859 1563 908 1637 ud
934 1567 1073 1662 copiam
1099 1589 1199 1636 eom-

82 1694 221 1754 meutus
250 1678 486 1777 praedamque
519 1677 720 1751 tollendam.
768 1678 868 1750 Haeo
903 1682 939 1748 si
967 1680 1099 1778 gravia
1131 1688 1196 1746 aut

84 1800 212 1871 acerba
247 1797 457 1882 videantur,
489 1795 599 1866 multo
636 1795 699 1865 illa
730 1799 882 1892 gravius
913 1787 1103 1866 aestimare
1136 1791 1200 1862 dea

85 1918 182 2002 here,
214 1916 361 2000 liberos,
390 1917 560 2008 coniuges
590 1915 628 1982 in
658 1914 863 1983 servitutem
894 1909 1071 1996 abstrahi,
1102 1913 1200 2010 ipsas

83 2029 241 2128 interfiai
253 2060 264 2116 3
290 2033 452 2130 quaesit
477 2051 617 2100 necesse
642 2025 803 2098 occidere
828 2031 943 2100 victis.

142 2148 199 2220 15.
224 2147 403 2218 Omnium
432 2165 613 2234 consensu
632 2139 699 2211 hac
718 2141 901 2212 sententia
928 2139 1105 2238 probata,
1125 2163 1202 2212 uno

86 2260 146 2332 die
172 2259 330 2360 amplius
357 2260 428 2330 xx,
453 2257 562 2328 urbes
587 2255 798 2354 Biturigum
823 2253 1087 2326 incenduntur.
1120 2255 1203 2324 Hoo

87 2379 188 2451 idem
213 2377 257 2450 fit
281 2377 320 2448 in
346 2375 496 2474 reliquis
522 2375 749 2448 civitatibus.
776 2375 818 2445 ln
847 2374 1018 2456 omnibus
1036 2373 1204 2472 partibus

87 2491 259 2564 incendia
286 2491 595 2590 conspiciuntur;
631 2513 725 2587 quae
761 2489 831 2562 etsi
857 2511 992 2586 magno
1019 2511 1106 2560 cam
1134 2487 1206 2559 do-

76 2607 168 2682 'lore
195 2631 323 2680 omnes
350 2607 546 2695 ferebant,
575 2615 700 2680 tamen
727 2605 799 2680 hoc
825 2605 895 2676 sibi
922 2604 1044 2677 solatii
1072 2603 1206 2704 propo·

90 2727 254 2815 nebant,
295 2725 395 2822 quod
439 2753 502 2815 se,
528 2749 669 2824 prope,
698 2724 889 2824 exploratu
916 2723 1103 2812 victorie,
1139 2747 1203 2796 ce·-

89 2844 217 2917 teriter
243 2844 376 2916 amissa
410 2844 701 2940 reciperaturos,
724 2841 972 2914 confidebant.
1007 2840 1204 2914 Delibera-

90 2969 155 3044 tur
182 2959 227 3033 de
253 2959 417 3035 Avarico
443 2960 481 3032 in
510 2959 702 3031 communi
728 2958 908 3048 concilia,
949 2958 1097 3032 incendi
1124 2957 1207 3056 pla-.-
1270 3051 1279 3066 κ

684 3359 761 3415 risve,
773 3357 862 3408 minus
874 3354 958 3420 bene;
971 3355 1042 3410 istud
1053 3353 1117 3406 boni
1130 3351 1207 3406 codd.

91 3375 142 3408 nus
153 3365 181 3408 et
191 3357 346 3410 Ciaceonius
358 3355 436 3424 gratis
452 3355 617 3427 reponebant

684 3432 711 3476 et
728 3422 788 3474 edd.
808 3431 872 3474 vett.

91 3427 122 3482 ab
145 3425 227 3477 toste.
262 3423 384 3476 Davisius
407 3425 496 3476 Boiam
513 3443 560 3494 pro
578 3443 617 3476 re-

91 3495 169 3554 gione
181 3493 301 3544 Boiorum
319 3492 382 3561 paui
400 3500 529 3550 autumat,
545 3501 574 3542 ut
586 3491 620 3553 3,

111 3597 117 3608 .
130 3560 240 3612 Venetia
253 3560 411 3610 Venetorum
428 3569 495 3610 terre
512 3559 615 3612 dieitur.

91 3579 166 3688 idem
179 3638 265 3679 tumen
279 3629 328 3679 istu
342 3626 418 3678 verbu
431 3627 478 3676 hae
488 3639 524 3678 est
534 3630 617 3696 spatio

92 3713 109 3744 a
127 3695 157 3744 B.
175 3713 201 3763 q.
220 3713 305 3744 versus
318 3699 360 3756 (nt
373 3693 491 3762 leguntur
508 3692 536 3744 in
554 3694 616 3744 ertit.

92 3761 292 3831 langermanni)
311 3781 323 3812 e
342 3765 456 3826 margine
470 3763 497 3812 iu
516 3771 618 3814 textum

94 3829 235 3900 inrepsisse
254 3837 339 3900 putet.
359 3827 413 3880 Atii
431 3827 524 3881 saltem
540 3827 618 3879 verbe

93 3915 110 3974 p
136 3896 202 3948 Boia
227 3898 302 3954 uncis
326 3896 465 3950 includunt
493 3906 619 3965 tanquam

95 3972 210 4029 rutrum
234 3962 314 4015 haber
337 3973 427 4015 tamen
451 3971 479 4016 et
502 3963 618 4017 Graecus

716 3523 865 3586 proposita,
909 3525 996 3579 treta,
1018 3525 1044 3567 et
1068 3514 1150 3571 veluti
1173 3513 1208 3574 nd

684 3603 807 3645 manum,
825 3583 859 3638 ed
894 3585 1064 3656 eportnndem
1082 3581 1144 3635 inde
1161 3600 1208 3636 co·

684 3653 766 3722 piem.
784 3654 822 3718 M.

719 3753 866 3826 aestimare.
894 3745 950 3800 Alii
966 3750 1107 3798 aestimari.
1136 3743 1208 3798 murt

685 3826 789 3868 rectius.

685 3899 959 4038 ,emortus
982 3894 1209 4026 unitus}

97 4032 139 4084 tet
157 4045 197 4094 τῆς
217 4043 293 4090 Botere.

125 4141 319 4194 progressuros.
336 4123 390 4176 Atii
407 4141 577 4192 processuros.

129 4223 231 4284 ipsosne
249 4249 281 4259 -
298 4219 514 4289 inpedimentisne.
552 4217 619 4284 Ergo

99 4283 196 4356 duplex
214 4305 245 4336 ne
263 4293 302 4338 'est
320 4305 367 4357 pro
384 4299 469 4340 nuum
482 4295 509 4338 et
521 4305 562 4336 un.
582 4287 618 4336 Μ.

130 4367 342 4449 inpedirnentisne.
388 4367 444 4419 Atii
462 4366 620 4436 inpedimen-

685 4031 815 4085 Oudendo
849 4031 889 4082 ins
906 4030 1058 4084 dimituntur
1079 4029 1209 4108 significa-

685 4101 742 4159 vit,
757 4117 786 4151 en
803 4098 835 4150 de
861 4099 913 4152 ndu
939 4097 1032 4150 videri.
1067 4097 1122 4150 Atti
1145 4095 1211 4148 libri

686 4185 741 4218 non
759 4163 871 4226 hebent,
883 4166 953 4235 quod
964 4185 990 4217 se
1000 4185 1092 4236 prope:
1106 4163 1139 4218 ab
1150 4163 1210 4216 aliia

687 4231 773 4292 abest,
786 4250 812 4284 se
821 4251 916 4302 prope:
929 4233 973 4284 nlii
1008 4253 1036 4286 ro
1051 4231 1212 4303 oonfidetant

689 4307 792 4368 ponunt
808 4301 952 4370 sperabant.
1002 4319 1042 4352 nee
1060 4309 1122 4351 suut
1140 4307 1212 4352 cestu

688 4365 786 4422 iudicia
802 4366 939 4420 verborum
957 4365 1115 4420 sdsutorum.
1137 4365 1178 4419 Μ.
