3000 5268
295 445 299 448 ,
351 361 430 423 nro.
450 364 494 425 vv.
530 363 621 424 cre.
658 331 832 450 48-51.
1069 335 1149 428 181

61 591 128 666 quo
162 563 463 640 commodissimo
497 567 628 640 itinere
667 567 804 642 vallem
844 567 1002 640 transire
1033 567 1161 666 possit.

107 685 165 758 50.
191 684 246 755 Eo
266 682 345 772 die,
364 683 529 782 parvulis
546 685 778 782 equestribus
796 681 944 782 proeliis
962 684 1007 756 ad
1024 709 1163 788 aquam

61 799 183 885 factis,
211 797 359 894 utrique
387 821 464 871 sese
490 821 558 870 suo
584 798 898 900 lococontinentr
926 797 1045 888 Galli,
1063 795 1165 896 quod

62 915 254 1013 ampliores
281 915 431 1012 copias,
458 937 553 1010 quae
590 915 755 986 nondum
788 921 1064 1003 convenerant,
1097 937 1166 987 ex-

15 1061 16 1068 ¹
61 1029 303 1126 spectabant3
338 1028 500 1119 Caesar,
538 1030 567 1102 si
608 1029 702 1102 forte
743 1029 888 1101 timoris
930 1027 1167 1101 simulatione

60 1143 179 1216 hostes
206 1143 244 1212 in
274 1135 384 1214 suum
414 1142 539 1216 locum
568 1143 699 1216 elicere
732 1135 881 1242 posset,
905 1151 948 1215 ut
976 1143 1071 1215 citra
1090 1139 1167 1214 val-

60 1253 130 1328 lem
156 1279 225 1353 pro
251 1258 382 1328 castris
409 1257 550 1356 proelio
578 1255 855 1354 contenderet3
886 1258 914 1330 si
946 1256 983 1328 id
1020 1253 1167 1330 efficere

60 1395 129 1443 non
164 1376 315 1469 posset,
346 1378 410 1461 ut,
443 1372 644 1471 exploratis
671 1372 887 1461 itineribus,
917 1372 1060 1441 minore
1079 1393 1168 1444 cum

60 1486 221 1585 periculo
255 1487 389 1562 vallem
424 1489 624 1588 rivumque
655 1491 842 1561 transiret.
923 1485 1049 1557 Prima
1083 1485 1169 1560 luce
1263 1563 1272 1582 Ι

62 1605 221 1678 hostium
262 1607 451 1700 equitatus
487 1605 534 1677 ad
561 1611 683 1678 castra
710 1605 880 1694 accedit,
912 1603 1169 1702 proeliumque

63 1741 145 1789 cum
170 1719 306 1790 uostris
338 1719 523 1816 equitibus
552 1720 769 1792 committit.
830 1719 965 1792 Caesar
997 1719 1168 1791 consulto

64 1837 203 1930 equites
236 1834 369 1908 cedere
402 1856 514 1933 seque
531 1837 568 1908 in
588 1843 710 1908 castra
729 1837 890 1934 recipere
908 1835 1033 1923 iubet,
1058 1835 1169 1910 simul

61 1975 105 2024 ex
138 1951 313 2052 omnibus
350 1953 517 2050 partibus
560 1958 682 2026 castra
721 1951 851 2025 altiore
888 1951 986 2024 vallo
1031 1955 1171 2028 muniri

62 2075 261 2167 portasque
279 2069 440 2156 obstrui,
463 2074 578 2166 atque
609 2069 645 2140 in
667 2070 723 2142 bis
741 2069 1041 2143 administrandis
1058 2073 1171 2146 rebus

63 2209 171 2278 quam
202 2185 368 2256 maxime
396 2183 615 2256 concursari
648 2188 687 2256 et
725 2207 812 2256 curn
843 2181 1080 2257 simulatione
1119 2187 1172 2258 ti-

64 2299 173 2370 moris
205 2297 265 2396 agi
295 2295 413 2370 iubet.

111 2415 170 2486 51.
198 2412 344 2504 Quibus
371 2411 544 2485 omnihus
568 2409 680 2484 rebus
711 2409 836 2484 hostes
868 2409 1019 2484 invitati
1047 2413 1173 2512 copias

66 2525 313 2601 transducunt
340 2527 535 2624 aciemque
564 2527 691 2623 iniquo
722 2523 807 2597 loco
834 2525 1090 2612 constituunt,
1110 2551 1174 2599 no-

65 2645 147 2716 stris
177 2667 272 2716 vero
299 2644 413 2716 etiam
453 2641 498 2714 de
529 2639 628 2714 vallo
657 2641 857 2731 deductis,
889 2643 1040 2741 propius
1070 2666 1176 2717 acce·

64 2755 157 2829 dunt
188 2763 237 2832 et
267 2755 342 2830 tela
369 2757 469 2829 intra
499 2757 748 2828 munitionem
785 2779 832 2828 ex
862 2757 1036 2828 omuibus
1063 2758 1177 2855 parti·

65 2872 131 2945 bus
158 2873 393 2958 coniiciunt;
423 2871 742 2970 praeconibusque
786 2871 1051 2944 circummissis
1088 2897 1178 2972 pro-

67 2989 237 3060 nunciari
264 2987 415 3074 iubent,
441 3011 505 3058 seu
529 2991 610 3085 quis
635 2986 784 3068 Gallus,
810 3011 875 3058 seu
890 2987 1077 3058 Romanus
1097 2989 1181 3062 velit

66 3114 145 3172 unte
173 3101 305 3173 horam
331 3105 472 3174 tertium
496 3099 545 3172 ad
570 3124 608 3172 se
633 3104 811 3187 transire,
843 3103 920 3172 sinc
949 3101 1109 3196 periculo
1137 3102 1181 3173 lt,-

64 3239 170 3297 cere5
192 3227 279 3314 post
304 3211 344 3286 id
367 3227 504 3312 tempus
530 3239 600 3284 non
612 3214 704 3306 soro
725 3226 951 3312 potestatem.-
978 3236 1021 3284 ac
1043 3214 1096 3285 sic
1117 3238 1181 3287 no·

68 3332 163 3398 stros
197 3331 509 3417 contemserunt,
527 3335 591 3417 ut,
610 3329 812 3402 obstructis
824 3329 867 3426 ,in
884 3327 1044 3424 speciem
1062 3329 1182 3424 portis

65 3442 223 3542 singulis
252 3443 442 3525 ordinibus
470 3445 674 3540 cespitum,
705 3442 804 3538 quod
836 3465 887 3534 ea,
905 3466 980 3524 non
998 3464 1104 3540 posse
1129 3444 1183 3516 in·

67 3559 308 3659 lrorumpere
338 3557 581 3641 videbantur,
609 3556 669 3629 alii
696 3555 837 3628 vallum
865 3579 979 3627 manu
996 3553 1184 3680 scindere,

100 3810 152 3860 quo
177 3791 390 3846 ,commodissimo
418 3792 518 3841 itinere.
543 3784 599 3840 Alii
665 3782 821 3860 ponendum
837 3783 967 3864 erat3sed
979 3783 1055 3838 codd.
1055 3803 1085 3904 p
1096 3782 1187 3854 eriquo

69 3859 284 3910 wnrmodiuime.
310 3856 386 3910 male.
509 3879 513 3888 ·
666 3863 732 3906 teste
748 3851 937 3922 Oudendorpro
956 3855 966 3916 (
982 3861 1009 3904 et
1023 3851 1055 3905 cd
1075 3889 1081 3902 .
1101 3857 1188 3932 vett..)
1223 3909 1226 3914 ,

102 3954 237 4004 ominibus
262 3954 390 4018 mitum·
433 3947 464 4010 In
492 3943 599 4016 singulis
666 3919 764 3974 babent
779 3921 900 3998 retardare.
932 3919 1033 3970 'l'amcu
1050 3920 1188 3998 ineptissi-

73 4021 154 4086 Portis
172 4009 324 4072 castrorum
342 4017 423 4087 positi
440 4025 513 4068 erant
530 4013 600 4066 ordi-
667 4007 709 4039 ¹¹¹³
727 3987 815 4048 '‘cm''
832 4004 910 4038 mmm
922 3987 1055 4045 'mmm'
1075 4005 1121 4058 Per
1133 3985 1189 4038 ‘db

73 4103 116 4136 nes
145 4080 358 4201 (stratapplura
374 4088 385 4148 )
401 4085 532 4154 cespitum
554 4080 600 4135 alii
666 4057 808 4132 ²i⁰¹¹²⁵,⁰⁵²
827 4063 967 4124 Pf⁰P³S³¹⁸
987 4080 1021 4092 ··
1037 4081 1069 4096 ···
1095 4053 1190 4134 Exstat

73 4169 149 4222 super
166 4153 238 4206 aljis,
298 4189 304 4202 ι
667 4131 781 4174 narratio
804 4121 836 4173 de
861 4119 908 4173 hac
930 4121 1088 4174 Nerulorum
1113 4120 1191 4172 molt-

192 4247 209 4258 „
504 4247 509 4256 ¹
668 4191 741 4240 tione
758 4206 771 4238 a
792 4185 828 4240 ud
845 4185 977 4241 Plutarch.
996 4188 1025 4239 iu
1042 4187 1116 4240 Caes.
1132 4205 1191 4258 cap.

73 4311 158 4364 Mller
174 4311 331 4382 P⁰¹J⁰⁰¹¹¹¹⁸
349 4314 377 4372 8³
395 4308 435 4362 ²3·
670 4323 786 4376 Graecus
806 4323 935 4394 interpres
952 4327 978 4378 τὸ
995 4329 1069 4393 ipvpr
1086 4326 1113 4396 τῇ
1128 4328 1193 4392 χειρὶ

106 4395 232 4447 scindere.
265 4391 324 4454 Hoc
339 4389 382 4446 rol
397 4391 454 4444 siue
470 4387 602 4446 codicibus
667 4396 820 4460 squinan-
871 4399 876 4424 -’
1029 4401 1030 4406 ’
