2986 5268
291 437 371 496 eru.
405 437 476 496 vn.
511 437 603 497 cre.
648 405 817 498 15-18.
1020 425 1115 534 247

32 637 112 736 quod
137 639 264 712 civitas
290 645 370 712 erat
401 640 535 739 exigua
553 645 592 714 et
618 641 788 728 inlirma,
806 638 1001 727 celeriter,
1022 640 1124 736 quod

29 757 242 844 babuerunt,
282 763 579 829 consumserunt.
627 759 782 831 Summa
822 755 1044 836 difficultate
1073 759 1126 830 rei

27 872 271 943 frumentariae
298 869 445 944 adfectu
472 877 662 959 exercitu,
701 874 885 944 tenuitate
911 873 1123 960 Boiorum,

25 987 234 1085 indiligentia
254 985 495 1075 Aeduorum,
514 988 692 1066 incendiis
711 985 986 1076 aedificiorum,
1007 1011 1124 1083 usque

26 1129 88 1192 eo,
128 1111 168 1176 ut
206 1103 416 1202 complures
444 1105 521 1175 dies
548 1103 684 1180 milites
711 1104 898 1178 frumento
934 1111 1142 1191 caruerint

23 1229 76 1308 et,
100 1245 228 1318 pecore
246 1244 265 1291 e
284 1219 603 1318 longinquioribus
632 1222 722 1292 vicis
742 1221 893 1309 adacto,
914 1229 1125 1298 extremam

22 1332 144 1404 lumem
182 1340 462 1419 sustentarent,
503 1331 604 1406 nulla
634 1341 765 1418 ,tamen
803 1357 880 1405 vox
907 1341 963 1404 est
1000 1337 1046 1407 ab
1082 1338 1126 1408 iis

22 1447 163 1536 audita,
208 1447 340 1546 Populi
383 1451 540 1521 Romani
581 1453 776 1522 maiestate
804 1452 842 1526 et
874 1447 1125 1544 superioribus

20 1561 173 1632 victoriis
200 1561 365 1660 indigna.
393 1565 629 1655 Quinetiam
657 1563 795 1634 Caesae
812 1585 929 1660 quum
958 1557 1134 1660 inopere

20 1675 166 1775 singulas
193 1677 358 1778 legiones
385 1677 588 1776 adpellaret
613 1685 680 1766 et,
707 1681 735 1751 si
763 1681 934 1758 acerbius
960 1680 1126 1775 inopiam

17 1789 172 1877 ferrent,
200 1817 241 1866 se
269 1791 508 1871 dimissurum
525 1785 843 1894 obpugnationem
863 1796 1027 1881 din-ren
1047 1795 1127 1866 uni·

19 1913 100 1980 tersi
129 1912 176 1983 ab
205 1935 277 2000 eu,
304 1938 348 1985 ne
375 1912 417 1984 id
435 1912 606 2006 sonaret,
639 1915 844 2012 petebanta
871 1917 925 1984 sio
952 1939 991 1994 sa
1020 1939 1120 1986 corn»

13 2023 117 2116 pluris
142 2051 261 2097 antius
287 2028 347 2098 illo
372 2032 567 2124 imperante
592 2032 788 2116 memisse,
810 2041 849 2097 ul
866 2027 1000 2097 nullum
1018 2032 1123 2124 agno-

12 2144 150 2212 uuirrizm
177 2148 409 2234 acciperent,
437 2166 631 2240 nmnquom
658 2143 793 2236 iry‘eelo
818 2167 857 2214 re
881 2125 1122 2214 discederent:

11 2249 69 2322 lios
92 2279 130 2326 se
154 2261 382 2354 ignominiae
407 2257 543 2328 lertrtros
562 2259 666 2344 loco,
690 2261 725 2326 st'
740 2255 917 2353 inceptum
933 2255 1119 2351 obpugna-

8 2373 126 2442 tionem
154 2374 434 2470 reosqmosent:
457 2369 668 2466 praestare,
686 2397 806 2445 ornnes
828 2373 991 2468 perferre
1015 2396 1119 2442 ocer-

8 2480 141 2574 bitotes,
161 2513 276 2585 parom
301 2513 372 2558 non
398 2485 534 2562 ciuibus
563 2487 767 2576 Romanis,
801 2493 865 2587 qui
889 2487 1024 2560 Genobi
1036 2513 1117 2583 per-

8 2593 84 2682 fidio
110 2601 303 2676 Gallorum
328 2608 555 2690 interissent,
578 2619 818 2700 percuterent.
858 2605 960 2676 Haec
988 2604 1118 2677 eadem

8 2713 295 2794 Centurionibus
321 2719 571 2815 Tribunisque
603 2719 764 2795 rnilitum
792 2720 1047 2806 mandabant,
1077 2727 1120 2794 ut

8 2855 59 2930 per
84 2863 148 2910 eos
176 2837 227 2910 ad
258 2838 454 2910 Caesarem
482 2835 730 2914 deferrentur.

49 2953 103 3026 18.
140 2959 280 3047 Quum
320 2955 394 3025 ianr
430 2973 539 3048 muro
579 2957 701 3024 turres
735 2941 1130 3051 adpropinquassent,

8 3085 39 3136 ex
64 3072 233 3168 captivis
264 3069 398 3142 Caesar
426 3069 628 3166 cognovit,
655 3068 1002 3168 Vercingetorigem
1030 3093 1124 3138 con·-

8 3193 113 3258 ¹nmto
142 3177 294 3286 pabulo
333 3190 458 3258 castra
491 3185 651 3257 rrrovisse.
691 3185 842 3282 propius
886 3185 1123 3275 Avaricum,

8 3307 98 3398 itque
125 3306 263 3404 ipsum
291 3325 378 3375 cum
406 3303 578 3398 equitatu
605 3301 859 3399 expeditisque
870 3353 886 3385 „
904 3303 981 3398 -qui
1024 3303 1126 3375 iuter

8 3423 130 3514 equites
160 3417 343 3519 proeliari
371 3424 639 3506 consuessent,
675 3417 892 3491 insidiarum
920 3445 1050 3493 caussa
1078 3447 1124 3494 eo

8 3535 240 3622 relectum,
291 3555 374 3629 quo·
415 3539 561 3604 nostros
605 3539 755 3629 postero
798 3533 857 3604 die
901 3531 1123 3630 pabulatum

8 3659 169 3728 'enturos
200 3651 471 3724 arbitraretur.
499 3649 643 3741 Quibus
670 3649 779 3720 rebus
797 3649 976 3746 cognitis,
998 3651 1124 3730 media

8 3773 92 3838 octe
120 3765 287 3840 silentio
315 3763 534 3862 proiectus,
584 3763 631 3836 ad
657 3765 820 3837 bostium
858 3771 982 3838 castra
1009 3789 1119 3838 mane

15 4069 153 4118 nomint.
174 4062 249 4136 Lag.
270 4073 395 4116 carerent.
595 4063 675 4179 Mqoi
693 4059 831 4115 Genati-
841 4062 996 4112 interissent.
1011 4057 1053 4112 Cf.
1067 4078 1088 4112 c.
1099 4059 1125 4112 3.

15 4159 114 4214 adnuo.
139 4163 160 4214 i.
189 4180 216 4212 e.
249 4167 363 4218 estruem,¹
382 4176 441 4212 cont
480 4160 529 4214 lso.

8 4237 82 4280 intem
102 4229 200 4284 Ciacc.
221 4237 254 4280 et
274 4225 388 4280 Ursinus
404 4226 530 4281 toabam
629 4221 802 4290 qut-pmt.
821 4231 989 4286 consuescent·
1018 4219 1125 4274 oeten«

8 4310 72 4345 neto.
596 4285 698 4340 buntur
715 4307 791 4358 supra
813 4309 838 4350 ι,
858 4294 898 4352 48.
916 4289 958 4339 Μ.

11 4417 85 4467 poam
108 4421 169 4454 non
197 4405 253 4453 σίν.
282 4397 390 4454 subaudi
415 4411 450 4454 ot.
485 4401 529 4457 Sic
629 4401 811 4452 arbitraretur.
862 4400 908 4454 Sic
925 4399 996 4454 Oud.
1013 4419 1028 4453 s
1045 4397 1121 4452 codd.

8 4470 170 4526 itendatione
192 4488 259 4524 nou
281 4485 353 4542 opus.
527 4521 552 4558 ,Ι
597 4467 682 4536 Vulgo
698 4469 881 4521 wiurimos.
