2986 5268
1125 375 1147 414 q

327 405 407 468 mu.
443 407 512 478 vn,
548 407 641 467 car.
680 373 854 468 61-63.
1054 379 1150 470 28o

42 610 196 684 bostium
228 610 502 712 Camulogenus
525 612 600 684 suis
624 610 753 685 aderat
782 619 895 710 etque
925 635 988 683 eos
1016 609 1153 684 cohor-

41 731 197 801 tabatur.
238 729 314 816 at,
344 731 488 826 incerto
530 729 642 801 etiam
672 751 771 801 nunc
807 731 910 801 exitu
942 730 1152 819 victoriae,

41 869 149 940 quum
176 848 353 944 septimae
380 843 536 944 legionis
574 845 734 916 tribunis
768 853 865 918 esset
902 847 1152 936 nunciatum,

39 981 129 1053 quae
155 959 192 1030 in
216 959 364 1031 sinistro
388 981 504 1032 cornu
534 964 767 1059 gererentur,
801 965 887 1058 post
915 967 1062 1056 tergum
1087 959 1154 1032 lao-

37 1072 146 1142 stium
170 1071 353 1170 legionem
380 1069 623 1145 ostenderunt
648 1073 825 1172 signaque
852 1071 1075 1144 intulerunt.
1096 1071 1152 1144 Ne

37 1209 77 1258 eo
98 1186 247 1284 quidem
264 1195 431 1286 tempore
447 1187 644 1286 quisquam
659 1187 742 1261 loco
759 1189 890 1278 cessit,
908 1187 971 1262 sed
988 1188 1154 1260 circum-

39 1301 139 1372 venti
167 1324 296 1372 omnes
328 1299 589 1400 interfectique
622 1307 720 1374 sunt.
748 1301 930 1375 Eamdem
962 1301 1152 1374 fortunam
1223 1293 1229 1298 ’

37 1417 124 1490 tulit
151 1417 437 1518 Camulogenus.
464 1419 516 1492 At
542 1419 593 1502 ii,
622 1417 685 1516 qni
714 1417 896 1517 praesidio
932 1424 1064 1490 contra
1087 1443 1153 1489 ca·

35 1542 108 1607 stra
122 1536 272 1608 Labieni
289 1540 396 1608 eraut
408 1533 547 1619 relicti,
567 1557 684 1630 quum
704 1527 885 1631 proelium
906 1535 1151 1606 commissum
1220 1527 1224 1538 '

35 1651 245 1736 audissent,
277 1649 439 1723 subsidio
457 1651 532 1722 suis
558 1649 683 1724 ierunt
710 1647 918 1748 collemque
950 1659 1151 1752 oeperunt,

35 1791 151 1864 neque
183 1773 397 1841 nostrorum
424 1765 585 1840 militum
613 1768 801 1839 victorum
830 1768 999 1867 inpetum
1037 1769 1153 1842 susti-

33 1910 118 1957 nere
150 1889 366 1983 potueruut.
393 1883 475 1971 Sic,
493 1907 579 1954 cum
607 1883 681 1954 suis
706 1881 933 1981 fugientibus
953 1886 1174 1984 permixti,
1254 1869 1258 1880 ¹

32 2025 123 2098 quos
153 2023 224 2074 non
259 2000 373 2073 silvae
402 2003 622 2095 montesque
650 2001 855 2089 texerunt,
897 2003 942 2073 ab
977 2005 1151 2100 equitatu
1206 2051 1209 2058 ‚

30 2120 118 2186 serrat
146 2114 347 2187 interfecti.
372 2115 455 2186 Hoc
487 2112 638 2212 negotio
656 2111 855 2201 confecto,
885 2115 1071 2185 Labienus
1090 2141 1149 2186 re-

30 2231 192 2303 vortitur
218 2230 480 2332 Agendicnm,
507 2229 570 2301 ubi
604 2225 856 2326 inpedimenta
892 2231 1009 2302 totins
1040 2255 1151 2311 ,exer-

29 2350 126 2421 eitus
140 2347 269 2420 relicta
292 2353 422 2420 erant:
442 2343 527 2418 inde
552 2367 640 2422 eum
659 2345 831 2418 omnibus
858 2347 972 2449 copiis
992 2347 1039 2421 ad
1058 2351 1150 2423 Cae-

29 2486 150 2534 sarem
183 2463 365 2560 pervenit.

79 2579 142 2651 63.
160 2577 375 2651 Defectione
390 2573 605 2652 Aeduorum
625 2575 794 2675 cognita,
812 2575 951 2650 bellum
970 2584 1144 2679 augetur.
1212 2579 1216 2594 '

28 2697 250 2795 Legationes
274 2695 312 2767 in
336 2716 464 2765 omnes
484 2697 606 2790 partes
633 2693 1004 2767 circummittuntnr:
1025 2721 1147 2792 quan·

29 2819 111 2886 tum
140 2813 285 2912 gratia,
314 2809 565 2895 summitate,
598 2809 753 2904 pecunia
780 2809 930 2898 valent,
949 2811 994 2888 ad
1014 2813 1147 2886 sollici·
1171 2887 1174 2894 ,

27 2927 161 2999 landas
175 2927 347 3000 civitates
368 2925 549 2998 nituntur.
577 2923 686 2993 Nacti
711 2923 881 3014 obsides,
901 2949 992 3022 quos
1012 2923 1148 3002 Caesar

27 3041 129 3139 apud
150 3065 212 3114 eos
235 3039 476 3138 deposuerat,
492 3038 623 3108 borum
640 3035 820 3136 subplicio
839 3037 1052 3112 dubitantes
1068 3047 1147 3112 ter-

25 3159 157 3228 ritant.
183 3157 322 3228 Petunt
354 3178 375 3225 e
398 3152 708 3250 Vercingetorige
729 3151 868 3240 Aedui,
891 3152 937 3224 ad
957 3177 994 3224 se
1017 3155 1147 3226 veniat

24 3275 264 3368 rationesque
291 3265 374 3339 belli
399 3265 548 3364 gerendi
580 3267 846 3338 communicet.
873 3265 928 3338 Re
957 3265 1146 3362 inpetrata

25 3385 288 3473 contendunt,
316 3390 361 3455 ut
383 3383 469 3481 ipsis
499 3406 645 3453 summa
667 3382 811 3479 imperii
831 3379 1065 3472 transdatur3
1087 3387 1145 3465 et,

23 3533 66 3578 re
98 3509 137 3580 in
165 3502 457 3578 controversiam
488 3497 668 3586 deducta,
698 3499 816 3571 totius
848 3497 989 3572 Galliae
1018 3502 1148 3573 conni-

24 3609 121 3692 lium
152 3617 330 3692 Bibracte
357 3613 546 3687 indicitur.
564 3610 706 3684 Eodem
734 3613 964 3686 conveniunt
985 3615 1146 3712 undique

25 3735 251 3831 frequentes.
280 3727 529 3804 Multitudinis
543 3724 725 3825 suffragiis
739 3751 804 3799 res
825 3728 1078 3824 permittitur:
1098 3727 1144 3800 ad

27 3875 148 3923 unum
178 3873 305 3922 omnes
327 3845 670 3941 Vercingetorigem
693 3843 852 3942 probant
867 3847 1150 3944 imperatorem?

25 3969 88 4042 Ab
121 3969 194 4041 hoc
213 3963 372 4041 concilio
403 3963 532 4043 Remi,
551 3961 759 4060 Lingones,
779 3963 924 4036 Treviri
945 3963 1143 4038 ofirerunt:

60 4149 157 4188 contra
172 4147 259 4193 aaron
279 4134 339 4186 Lab.
357 4152 371 4186 e
389 4134 492 4202 regione
512 4151 556 4190 ea·
622 4133 698 4187 Voss.
711 4147 858 4188 nostrorum
872 4135 967 4188 vultum
978 4141 1160 4209 νὶοιοιίιιηφιιΙ

24 4213 152 4254 stromm.
171 4203 226 4259 vid.
244 4221 301 4280 cap.
319 4203 347 4252 61
368 4209 432 4252 extr.
454 4201 491 4252 Μ’.
511 4202 556 4254 stc
622 4206 740 4270 trapetum.
1133 4197 1144 4218 ⁹
1166 4207 1169 4214 ’

24 4271 57 4320 C.
83 4288 111 4332 r,
129 4275 173 4321 56:
186 4281 277 4320 contra
295 4269 445 4319 Massiliam.
465 4267 497 4316 ll.
515 4287 555 4332 27.
655 4282 736 4336 Nm,
752 4283 855 4335 (Μὰ,
874 4302 899 4336 y,
916 4303 937 4336 c,
957 4291 996 4336 55,
1015 4287 1052 4334 Μ,

24 4351 122 4388 wnrru
138 4338 300 4407 Pompeium,
318 4345 348 4388 ut
364 4335 428 4389 heic
439 4334 484 4403 alii
501 4353 556 4386 con·

23 4419 73 4454 tm
90 4405 236 4456 ouem

62 4485 212 4525 nostr-nrum
225 4472 333 4524 utilitum
345 4475 474 4522 victorum.
490 4467 555 4522 eod.
656 4467 784 4538 rfiaerunt.
802 4467 911 4539 Respice
928 4468 961 4521 ad
982 4483 1009 4526 ι,
1027 4467 1069 4520 36.

641 4378 690 4438 ¹orl
707 4395 733 4428 se
751 4381 843 4428 veniat.
861 4379 921 4438 Alii
932 4392 960 4430 nt
977 4380 1012 4430 ad
1031 4399 1063 4430 re.
