2986 5268
318 349 395 406 tm.
432 348 500 407 ru.
536 347 628 406 car.
667 312 742 438 37.
769 311 845 406 38.
1053 315 1148 408 265

39 549 300 636 mitterentur,
336 547 600 646 praeficeretur
626 556 738 646 atque
765 574 808 622 ea
835 547 1005 635 (lucenda
1039 575 1152 622 cura·

39 677 119 752 ret,
159 663 365 761 fratresque
403 665 483 736 eius
528 664 575 736 ad
619 666 813 738 Caesarem
857 675 1155 764 praecurrerent·

39 780 221 874 Reliqua,
249 803 323 875 qua
350 781 495 852 ratione
523 780 581 879 agi
607 778 782 879 placeat,
810 783 1061 856 constituunt.

86 895 145 968 38.
185 896 402 984 Litorium,
447 901 603 992 accepto
643 897 841 986 exercitu,
885 921 1001 994 quum
1048 899 1152 974 milia
1255 975 1261 986 ,

39 1033 214 1106 passuum
240 1009 390 1082 circiter
417 1010 522 1085 XXX
551 1009 597 1082 ab
631 1009 818 1108 Gergovia
844 1012 1014 1100 abesset,
1060 1038 1154 1085 con-

40 1128 180 1198 vocatis
218 1125 343 1198 subito
378 1124 590 1212 militibus,
632 1125 859 1216 lacrimans,
901 1127 977 1228 Quo
1000 1125 1156 1228 profici-

41 1251 202 1332 scimur,
244 1245 394 1340 inquit,
437 1243 604 1314 milites?
643 1241 767 1314 Omnis
793 1257 911 1316 noster
944 1249 1121 1342 equitatus
1149 1296 1162 1336 ‚

41 1363 152 1430 omnis
171 1359 333 1430 nobilitas
351 1361 506 1429 interiit:
528 1360 709 1453 principes
727 1361 907 1446 civitatis,
932 1354 1155 1457 Eporedirie
1228 1393 1234 1402 ·

41 1487 71 1544 et
99 1471 337 1544 Virdumorus
363 1525 373 1559 ‚
410 1471 610 1543 insimulati
629 1470 871 1568 proditionis,
909 1471 953 1542 ab
979 1472 1155 1545 Roazanis

41 1587 172 1660 indicta
195 1613 324 1660 caussa
348 1586 527 1681 interfecti
549 1599 645 1658 sunl.
671 1586 771 1660 Haec
789 1585 831 1656 ob
849 1589 896 1656 iis
921 1591 1155 1684 cognoscite,

43 1710 102 1800 qui
133 1727 182 1774 ea
214 1707 293 1799 ipso
333 1703 438 1774 caede
461 1701 677 1800 fugerunt:
721 1729 805 1810 npm
844 1727 938 1799 ego,
967 1701 1158 1795 fratribus

43 1835 141 1918 atquc
186 1819 346 1891 omnibus
388 1821 477 1892 mets
512 1821 723 1915 propinquis
762 1816 992 1912 intersectis,
1035 1817 1158 1892 dolore

40 1932 244 2029 prohibeor,
262 1946 470 2031 quaegesta
486 1945 591 2020 sunt,
612 1937 862 2028 pronunciare.
888 1930 1157 2004 Producuntur

44 2047 93 2133 ii,
139 2069 233 2142 quos
267 2043 327 2116 ille
355 2045 588 2135 edocuerat,
631 2069 724 2142 quae
759 2045 832 2116 dici
860 2044 999 2132 veltet,
1044 2055 1158 2142 atquc

47 2159 171 2232 eadem
193 2213 204 2248 ,
230 2183 325 2256 quae
344 2159 536 2232 Litavieus
555 2161 897 2258 pronunciaverat,
925 2158 1161 2232 multitudini

47 2283 235 2374 exponunt
255 2303 262 2345 :
290 2302 410 2350 omnes
428 2283 560 2375 equites
578 2275 784 2350 Aeduorum
803 2274 1035 2370 interfectos,
1063 2275 1160 2372 quod

49 2399 223 2468 conlocuti
259 2419 342 2466 oum
381 2391 557 2464 Aruernis
599 2393 831 2476 dicerentur;
869 2399 966 2488 ipsos
1005 2417 1043 2466 se
1067 2398 1160 2466 inter

49 2508 305 2580 mreltr'ludinem
327 2509 483 2578 militum
506 2507 701 2579 occultasse
723 2522 828 2603 atque
845 2531 891 2578 ex
909 2507 1025 2580 media
1050 2507 1158 2580 coede

48 2621 265 2720 paffugisse.
292 2617 540 2706 Conclamant
565 2620 683 2693 Aedui
703 2628 742 2692 et
772 2619 1006 2708 Litavicum,
1034 2626 1075 2692 ut
1092 2621 1162 2692 sibi
1197 2681 1201 2688 .

52 2739 243 2828 consulat,
270 2737 481 2812 obsecrent.
510 2737 624 2837 Quasi
640 2761 747 2824 vero,
770 2737 892 2833 inquit
910 2736 996 2826 itte,
1021 2738 1165 2810 coresilii

51 2863 93 2928 sit
109 2883 165 2930 res
191 2879 235 2928 ac
260 2881 332 2927 nou
357 2873 497 2928 necesse
522 2859 570 2924 sit
595 2853 694 2924 nobis
723 2851 939 2950 Gergoviam
959 2853 1165 2926 contendero

52 2986 80 3043 et
104 2998 188 3044 cum
212 2970 388 3043 Aruernis
413 2981 551 3040 nosmet
575 2973 802 3066 coniungere.
842 2965 902 3038 Au
928 2966 1165 3056 dubitamus,
1219 3053 1221 3060 Α

53 3090 132 3180 quia
152 3083 329 3176 ,molario
343 3083 515 3176 sucinore
539 3081 726 3164 admisso,
756 3081 917 3152 Romani
939 3087 1013 3154 iam
1029 3081 1080 3152 ad
1094 3107 1161 3152 noe

53 3196 308 3296 interficiendos
347 3200 599 3274 concurrant?
637 3197 823 3289 Proinde,
863 3199 1011 3298 siquid
1049 3213 1103 3272 est
1127 3204 1167 3270 iu
1259 3203 1263 3212 '

84 3505 221 3570 eqriitaou,
239 3499 366 3552 aciditas.
383 3499 509 3552 Extremo
523 3497 573 3552 hoc
656 3513 679 3551 e.
698 3512 786 3550 rrerrs
801 3505 982 3548 aromatiten
999 3510 1023 3548 r.
1042 3505 1149 3547 uterve

55 3573 148 3640 cupite,
166 3573 262 3638 equites
279 3583 301 3618 er
318 3573 454 3637 prticipes.
484 3567 522 3616 M.
706 3581 755 3618 rao
772 3573 796 3616 t.
815 3578 887 3622 avaro
908 3577 1008 3615 cateno
1027 3575 1100 3614 rrero

86 3639 164 3704 Epor.
183 3649 207 3686 et
226 3637 301 3687 Virri.
326 3637 360 3686 Hi
377 3654 436 3687 curu
453 3637 572 3704 equitatu
754 3645 904 3684 munemne
923 3644 1047 3682 uAMuNAE

57 3705 85 3756 ad
106 3707 242 3756 Caesmurn
266 3711 470 3774 praecurrerunt.
490 3703 532 3754 cf.
550 3720 573 3754 c.
842 3711 899 3748 ror.
926 3711 965 3748 sat

59 3772 95 3838 39.
115 3774 156 3823 Ji.
638 3765 716 3820 ubil.
730 3763 832 3838 penult.
851 3763 990 3831 legendum
1006 3775 1120 3814 auarum
1137 3769 1165 3814 et

85 3841 263 3910 Eporediae,
294 3836 369 3906 vulgo
398 3836 573 3905 Eporedorix.
639 3835 733 3886 ultima
750 3847 837 3884 vorru
854 3846 952 3883 saurir.

57 3906 147 3960 Verum
163 3907 225 3962 cler.
242 3905 364 3958 Millinus
381 3903 409 3954 iu
429 3903 502 3955 neon.
519 3912 574 3954 ant.
674 3899 860 3960 termnum,
878 3897 954 3967 vulgo
972 3897 1165 3950 Wridamarar.

58 3974 123 4026 iucd.
142 3985 160 4026 t.
183 3991 202 4025 r.
222 3993 248 4044 p.
266 3975 321 4036 146.
341 3991 354 4023 e
371 3969 460 4040 lapide
471 3969 576 4022 detecto
640 3969 678 4020 At
695 3971 724 4020 iu
741 3967 817 4021 codd.
835 3967 912 4019 variis
930 3973 957 4017 et
975 3966 1004 4016 iu
1022 3965 1096 4018 iustis
1115 3965 1166 4015 Ro-

59 4059 79 4090 u.
99 4059 160 4108 ¹79²
181 4041 208 4094 in
232 4039 413 4092 fundamentis
438 4039 503 4088 arcis
528 4035 576 4088 Bo·
641 4037 728 4088 mimis
741 4036 818 4088 trium
840 4031 946 4086 hatthus
958 4031 1054 4100 legitur
1067 4033 1167 4083 Virdo-

60 4107 282 4172 mouis(liourbon
293 4103 491 4172 taramrtocer,
502 4103 576 4156 ducis
641 4121 741 4164 neurus,
759 4053 839 4172 quod
852 4117 949 4154 nomen
974 4098 1101 4154 schottus
1126 4119 1169 4150 re·-

59 4193 151 4226 uomcn
162 4191 216 4228 essu
229 4174 304 4245 quale
321 4171 455 4232 dedimus,
468 4173 576 4241 eiusque
642 4170 730 4222 stituit
746 4169 818 4239 apud
833 4167 967 4220 Victorem
989 4166 1021 4218 dc
1039 4166 1110 4219 Viris
1129 4165 1168 4217 ill.

60 4241 137 4294 lilium
149 4241 270 4312 Magum
283 4241 406 4292 clientem
420 4238 498 4290 inisse
512 4239 578 4290 Cae·
642 4256 665 4289 c.
684 4243 723 4301 45.
742 4238 781 4288 lta
799 4236 880 4287 etism
903 4234 1055 4304 Propertius
1072 4243 1102 4298 4,
1123 4251 1166 4295 ro,

61 4312 118 4361 saris
135 4311 252 4362 atkrnnto
270 4308 378 4359 nomine
395 4306 426 4358 C.
444 4306 513 4357 Iulii.
535 4305 576 4356 Eu
643 4313 683 4370 4¹·
702 4303 749 4356 uhi
766 4300 896 4356 videndus
913 4299 1105 4354 Broulthnsius.

61 4387 268 4432 morsuruentum:
676 4390 761 4422 omnes
778 4375 883 4441 equites.
900 4369 957 4421 Atii
972 4370 1075 4420 multos.

117 4525 126 4542 ·
158 4479 314 4554 erasm.
342 4473 536 4548 Commeat.
575 4473 685 4544 Tum.
713 4471 741 4543 I.
895 4470 925 4541 L
952 4467 965 4540 l
