3032 5266
340 337 435 438 444
705 345 760 404 ns
796 330 930 404 seruo
965 343 1092 416 cnm:

393 550 459 626 23:
477 549 621 644 Quibus
640 547 750 624 rebus
769 551 950 624 commoti
968 550 1099 650 Legati
1118 547 1256 622 milites
1273 573 1322 623 ex
1340 573 1447 650 opere

339 665 549 756 deducunt,
576 665 850 766 obpugnatione
877 665 1087 754 desistunt,
1113 665 1287 764 operibus
1322 674 1451 740 custo-

339 779 416 852 dias
436 779 667 878 'relinquunt
693 779 933 854 loduciarum
960 780 1124 878 quodam
1150 801 1285 879 genere
1310 781 1452 854 miseri·

339 891 467 966 cordia
492 891 610 983 lacto,
637 893 821 994 adventus
839 894 1008 968 Caesaris
1025 898 1283 992 exspectatur:
1302 891 1448 966 nullum

338 1029 385 1104 ex
410 1031 540 1098 muro,
565 1009 708 1084 nmium
736 1035 758 1084 a
783 1011 920 1084 nostris
946 1013 1113 1084 mittitur
1146 1009 1288 1084 telum:
1328 1017 1372 1083 ut
1408 1019 1454 1083 re

338 1125 535 1226 coniecta,
567 1149 696 1200 omnes
734 1149 864 1200 curam
898 1131 936 1200 et
971 1125 1198 1226 diligentiam
1239 1126 1454 1200 rerrrittunt.

338 1241 474 1316 Caesar
499 1243 598 1316 enim
623 1242 689 1340 per'
714 1240 857 1316 litteras
889 1242 1074 1316 Trebonio
1091 1235 1455 1341 magnopere'man-

286 1443 293 1456 ³
338 1359 514 1448 daverat,
538 1383 585 1432 ne
611 1359 781 1460 pervim
807 1356 987 1457 oppidum
1014 1361 1219 1458 expugnari
1237 1366 1455 1458 pateretur,

338 1500 386 1550 ne
411 1477 563 1578 gravius
580 1477 740 1576 permoti
759 1473 894 1548 milites
913 1480 952 1548 et
970 1473 1189 1551 delectionis
1206 1475 1294 1548 odio
1310 1483 1349 1550 et
1365 1502 1458 1552 con·

338 1596 520 1668 temtione
545 1595 600 1668 sui
627 1599 667 1666 et
691 1591 837 1666 diutino
863 1589 989 1665 labore
1015 1615 1145 1664 omnes
1164 1593 1320 1690 puberes
1338 1597 1460 1670 inter·

338 1707 514 1780 licerent:
533 1706 632 1804 quod
647 1731 685 1780 se
700 1707 867 1780 facturos
885 1705 1144 1808 minabantur:
1163 1731 1346 1807 aegreque
1361 1716 1459 1784 tunc

339 1831 428 1896 sunt
453 1825 610 1913 retenti,
637 1823 727 1921 quin
753 1821 932 1921 oppidum
957 1823 1241 1920 inrumperent,
1266 1826 1458 1924 graviter-

340 1959 413 2033 que
438 1959 521 2009 eam
539 1959 617 2010 rem
637 1936 826 2026 tulerunt,
840 1935 945 2034 quod
960 1937 1106 2012 stetisse
1124 1959 1189 2034 per
1206 1937 1456 2031 Trebonium,

339 2075 416 2151 quo
442 2055 564 2126 minus
589 2051 725 2152 oppido
751 2054 981 2151 potirentur,
1009 2050 1220 2124 videbatur.

396 2183 454 2262 ¹4·
480 2171 530 2243 At
555 2170 680 2244 hostes
705 2169 783 2242 sine
808 2167 879 2240 fide
905 2163 1055 2267 tempus
1081 2172 1195 2264 atque
1216 2167 1458 2243 occasionem

341 2287 480 2361 fraudis
507 2287 653 2362 acdoli
680 2295 885 2386 quaerunt:
911 2282 1360 2383 interiectisque'aliquot
1385 2287 1459 2361 dis·

272 2477 274 2482 ,
341 2405 430 2492 bus,
459 2407 593 2480 nostris
617 2403 879 2504 languentibus
904 2407 1018 2500 atque
1044 2401 1169 2474 animo
1189 2395 1381 2490 remissis,
1401 2427 1459 2478 su·

342 2523 443 2614 bito,
468 2521 671 2595 meridiano
698 2527 891 2620 tempore,
927 2543 1045 2618 quum
1066 2517 1173 2592 alius
1203 2518 1457 2612 discessisset,

343 2641 436 2714 alius
461 2663 507 2712 ex
533 2637 676 2712 diutino
690 2635 828 2710 ¹labore
845 2638 884 2710 in
900 2636 987 2733 ipsis
1005 2633 1176 2734 operibus
1194 2637 1313 2732 quieti
1333 2662 1373 2711 se
1394 2639 1460 2712 de-

344 2759 475 2847 disset,
501 2781 604 2830 arma
621 2777 711 2830 vero
729 2755 855 2828 omnia
872 2755 1034 2853 reposita
1051 2758 1301 2851 contectaque
1320 2764 1461 2848 essem,

343 2871 459 2970 portis
484 2895 523 2944 se
548 2869 647 2944 foras
672 2875 894 2969 erumpunt,
920 2866 1083 2942 secundo
1109 2891 1321 2968 magnoque
1340 2877 1461 2944 vento

341 2985 468 3084 ignem
493 2985 665 3083 operibus
690 2983 868 3058 inferunt.
902 2985 1014 3056 Hunc
1039 2983 1093 3056 sic
1121 2979 1267 3054 distulit
1293 2989 1461 3074 ventus,

343 3103 410 3173 uti¹
427 3125 500 3174 uno
527 3109 693 3200 tempore
720 3124 852 3200 agger,
878 3099 1015 3199 plutei,
1032 3097 1204 3189 testudo,
1221 3099 1360 3203 turris,
1380 3107 1462 3174 tor·

342 3220 470 3288 menta
495 3213 685 3308 flammam
720 3216 960 3313 conciperent
993 3220 1033 3287 et
1066 3218 1167 3312 prius
1200 3213 1291 3291 baec
1328 3217 1460 3286 omnia

343 3340 672 3421 consumerentur,
699 3355 837 3432 quam,
876 3329 1192 3429 quemadmodum
1232 3329 1460 3422 accidisset,

342 3454 508 3524 animum
542 3448 686 3524 adverti
720 3451 855 3546 posset.
907 3447 1034 3544 Nostri
1071 3447 1263 3546 repentina
1299 3445 1460 3521 fortuna

341 3564 526 3660 permoti,
562 3587 691 3653 arma,
725 3585 820 3660 quae
853 3567 1033 3660 possunt,
1061 3559 1273 3660 adripiunt:
1308 3559 1373 3634 alii
1413 3587 1462 3635 ex

342 3682 473 3752 castris
499 3703 576 3752 sese
602 3680 779 3754 incitant:
806 3677 849 3750 fit
873 3679 912 3749 in
934 3676 1049 3750 bostis
1064 3677 1231 3774 inpetus:
1257 3677 1324 3750 sed
1343 3703 1461 3752 muro

343 3797 488 3895 sagittis
514 3797 783 3894 tormentisque
801 3793 984 3894 fugientes
1002 3794 1170 3891 persequi
1192 3793 1461 3892 prohibentur.

374 4057 448 4093 arria
464 4051 585 4093 ωηιοκα.
602 4035 657 4098 rid.
675 4035 710 4091 ad
730 4033 758 4088 B.
776 4035 809 4090 G.
829 3997 882 4100 2,¹
961 4047 1088 4090 :amunta
1112 4037 1254 4104 florarium
1285 4044 1459 4108 companas.

341 4107 496 4244 ”labibus
518 4183 658 4242 enormior.
679 4170 723 4226 Sic
744 4178 771 4222 st
791 4171 879 4239 Virg.'
928 4103 1213 4244 xpelffioemmaqae.
1231 4099 1300 4156 Md·
1319 4117 1387 4160 mh
1419 4129 1460 4160 w

342 4239 441 4385 labilis:v
451 4241 515 4360 ἐξιῇ.
527 4241 570 4382 Cpb·
587 4237 860 4372 qtogbopgebrqahnusbt.
943 4302 1033 4384 'mord
1048 4303 1353 4384 ragndsproldbenrar,
1377 4310 1458 4378 sagit·

342 4371 488 4426 edanum
508 4391 558 4441 ra,
576 4377 642 4439 438.Ι
930 4379 1106 4434 trs,cmuro
1124 4389 1218 4425 missu.
1236 4373 1289 4425 dlv
