3068 5260
695 373 752 438 uu
786 377 931 438 necno
956 327 1077 444 cene,
1116 339 1120 347 ’

330 349 399 448 28.

330 587 479 656 nostros
504 578 620 654 latere
647 582 777 676 aperto
803 574 989 674 adgressi,
1015 575 1322 648 circumvenere:
1348 575 1388 645 et
1404 565 1446 646 id

331 695 535 795 conspicati
553 691 737 783 Helvetii,
757 689 819 789 qui
841 692 879 764 in
904 695 1076 771 montem
1092 713 1130 761 se
1147 713 1185 762 se
1203 693 1449 785 receperant,

331 833 460 888 rursus
494 811 632 884 instare
659 811 698 880 et
724 803 908 905 proelium
936 804 1194 903 'redintegrare
1226 807 1449 903 coeperunt,

264 988 268 998 .
331 925 493 1002 Romani
524 945 707 996 conversa
732 921 835 1020 sigua
861 921 1040 1018 bipartito
1066 917 1296 995 intulerunt:
1326 917 1450 1016 prims

334 1071 378 1126 ac
404 1041 565 1116 secunda
591 1041 786 1127 acies,·ut
813 1037 924 1110 victis
950 1061 994 1110 ac
1021 1035 1204 1110 submotis
1231 1035 1449 1120 resisteret;

332 1160 470 1246 tertia,
496 1163 540 1232 ut
561 1154 752 1228 venientes
778 1151 979 1249 exciperet,

385 1273 448 1348 26.
475 1273 532 1344 lta
551 1267 703 1365 ancipiti
721 1264 861 1365 proelio
877 1265 940 1338 diu
956 1269 1069 1364 atque
1085 1263 1222 1338 acriter
1237 1267 1451 1364 pugnatum

335 1399 405 1475 est.
429 1389 578 1466 Diutius
605 1408 722 1483 quum
748 1389 963 1456 nostrorum
989 1382 1138 1480 inpetus
1163 1385 1345 1456 sustinere
1374 1403 1451 1464 non

334 1509 505 1604 possent,
531 1498 640 1574 alteri
666 1522 724 1584 se,
750 1501 795 1575 ut
813 1501 1035 1595 coeperant,
1051 1497 1089 1568 in
1108 1502 1276 1573 motuteru
1294 1519 1450 1594 recepe-

335 1625 448 1708 runt,
472 1614 579 1689 alteri
605 1611 653 1686 ad
677 1610 933 1712 inpedimenta
953 1617 991 1684 et
1005 1635 1132 1691 carros
1149 1634 1235 1686 suos
1254 1635 1292 1682 se
1310 1615 1451 1683 contu-

335 1733 474 1808 lerunt.
499 1733 595 1804 Nam
615 1717 687 1801 lioc
705 1733 790 1800 toto
808 1725 971 1826 proelio,
987 1749 1103 1824 quum
1119 1725 1165 1798 ah
1180 1726 1273 1798 horo
1291 1725 1451 1822 septime

338 1849 385 1924 ad
405 1869 603 1948 vesperum
626 1847 836 1943 pugnatum
854 1843 923 1932 sit,
950 1864 1125 1930 aversum
1150 1841 1296 1916 hostem
1323 1845 1452 1916 videre

338 1987 450 2036 nemo
476 1962 612 2061 potuit.
642 1958 700 2034 Ad
726 1957 886 2031 multam
914 1963 1065 2030 noctem
1092 1955 1279 2049 etiamad
1306 1955 1452 2055 inpedi-

338 2087 464 2156 menta
480 2082 689 2182 pugnaturn
702 2081 780 2162 est,
798 2079 994 2174 propterea
1009 2071 1111 2172 quod
1124 2097 1191 2172 pro
1207 2071 1305 2146 vallo
1325 2096 1452 2150 carros

340 2197 572 2281 obiecerant,
600 2198 638 2264 et
664 2215 683 2264 e
709 2188 794 2262 loco
813 2189 1001 2286 superiore
1028 2191 1066 2261 in
1094 2193 1242 2260 nostros
1260 2187 1451 2260 venientes
1513 2207 1516 2212 ’

340 2308 415 2384 tela
442 2306 720 2396 conjiciebant,
742 2311 782 2378 et
807 2302 974 2382 nonnulli
1000 2305 1098 2377 inter
1124 2327 1251 2377 carros
1275 2307 1453 2400 rotasque

371 2487 572 2547 drurmvenere,
589 2483 635 2540 alii
652 2482 840 2534 cirmmvenire.
929 2499 993 2534 nem
1002 2482 1116 2548 excipere
1127 2488 1154 2533 et
1164 2485 1289 2536 sustinere
1301 2491 1355 2534 tam
1363 2477 1454 2536 crehro

373 2572 496 2607 conversa
520 2557 595 2619 rigna
611 2552 771 2611 intulerunt,
793 2548 820 2612 h.
838 2567 862 2601 e·
924 2559 957 2602 et
973 2556 1124 2601 constanter
1143 2550 1170 2600 iu
1188 2549 1236 2603 hae
1253 2569 1279 2602 re
1304 2550 1432 2602 dicuutur
1442 2589 1450 2612 ,

341 2621 510 2676 conversione
528 2619 596 2671 iacta
614 2622 664 2681 (sie
680 2617 787 2668 macheu
807 2620 863 2667 eine
930 2625 962 2667 ut
993 2625 1119 2668 neutrum
1151 2615 1271 2670 videatur
1300 2615 1339 2669 ele
1357 2619 1454 2670 ·utius.

341 2686 538 2755 Schwenheng)
547 2683 695 2738 intulerunt
703 2685 775 2763 sigua
783 2682 861 2735 hosti.
929 2683 972 2735 M.
986 2691 1019 2740 τὲ
1036 2687 1162 2752 exciperet
1173 2683 1267 2754 legitur
1278 2684 1306 2738 in
1325 2704 1339 2737 e
1358 2685 1455 2738 ,Rom

341 2755 464 2815 Nescio,
494 2751 561 2822 quid
592 2749 756 2804 difficultatis
788 2749 815 2801 h.
843 2748 863 2800 l.
930 2750 1039 2804 lllediol.
1059 2751 1186 2804 Veneto.

343 2820 520 2894 quaesiverint
531 2819 698 2888 interpretes:
719 2834 781 2868 nam
792 2825 862 2869 statu

343 2899 370 2944 et
388 2887 452 2958 reign
468 2886 595 2943 exercitus
616 2883 721 2938 hostilis
742 2892 863 2957 munte,

343 2957 424 3010 etiam
443 2960 526 3018 statur
545 2962 572 3006 et
591 2953 657 3023 eripe
671 2954 799 3006 exercitus
810 2951 865 3004 Ro-

964 2818 1347 2885 nortannimbrorum
1369 2819 1455 2890 prim

932 2885 1129 2956 pomeridiana,
1147 2889 1273 2938 cretione
1290 2895 1388 2940 nostra.
1407 2885 1456 2938 Ve·

931 2963 999 3017 teres
1027 2953 1148 3005 noctium
1175 2961 1203 3004 et
1231 2955 1335 3004 dierum
1368 2955 1456 3022 spatia

342 3023 523 3076 manimutata
531 3029 578 3071 est.
585 3021 673 3072 Sinon
679 3037 769 3072 omnes
779 3029 865 3072 muta-

285 3135 288 3142 ,
343 3097 409 3142 runt
422 3089 488 3158 τάξιν
497 3125 506 3149 ,
526 3097 614 3140 umen
627 3105 687 3158 pars
703 3107 793 3140 eorum
808 3105 865 3138 eam

344 3157 476 3214 mutavit,
493 3153 569 3206 etde
587 3153 628 3207 his
646 3153 714 3206 illud
731 3171 866 3212 conversus

326 3241 328 3244 '
344 3221 547 3289 intelligendum
565 3229 612 3272 est.
629 3221 672 3274 M.
691 3225 724 3280 Ti
745 3237 866 3271 conversa

344 3291 373 3343 iu
393 3289 467 3342 codd¹
485 3297 512 3341 et
528 3287 586 3342 edd.
605 3289 722 3358 antiquis
738 3287 819 3342 deest.
835 3287 866 3339 Si

345 3357 477 3413 retineas,
504 3361 529 3409 ri
557 3356 678 3423 bipartito
710 3357 804 3408 reseres
832 3351 867 3406 ad

346 3425 495 3476 intulerunt.
524 3420 556 3478 ld
583 3423 703 3491 bipartito
736 3422 811 3476 codd.
840 3426 868 3473 et

342 3489 405 3550 ¹edd.
429 3497 481 3543 vet.
509 3487 628 3554 habent,
657 3499 732 3544 recte.
751 3490 867 3555 Gnaeus

346 3560 430 3610 etiam
459 3559 512 3630 ἠχῇ
530 3557 624 3635 (quod
651 3555 775 3610 Davisius
800 3555 867 3608 male

342 3629 583 3762 ‚tuirstatt
597 3633 869 3752 ttthtttussttz

284 3817 286 3823 ¹
347 3779 378 3814 ex
404 3777 459 3830 seq.
485 3765 567 3832 pptet.
596 3777 651 3810 nou
676 3777 734 3828 ergo
751 3777 819 3830 opus
837 3766 869 3813 τῶ

346 3829 490 3893 tripmiro.
518 3825 551 3880 V·
579 3825 632 3878 Dio
657 3824 704 3887 38,
730 3823 770 3877 33.
790 3815 869 3878 Coul'.

348 3893 439 3946 Carrio
455 3893 521 3946 Ant.
545 3889 605 3944 lect·
624 3891 647 3944 3.
667 3911 691 3945 2.
714 3893 821 3946 Nodum
841 3895 869 3944 iu

348 3959 435 4028 scirpo
460 3957 504 4012 hic
528 3960 633 4028 quaerit
654 3959 675 4010 Ι.
703 3959 735 4010 C.
760 3959 793 4015 H.
822 3960 870 4030 qui

345 4025 477 4094 mutilum
496 4025 584 4094 locum
601 4045 656 4078 esse
675 4026 781 4080 iudicat.

383 4099 517 4159 exciperet.
536 4091 566 4148 si
582 4091 659 4146 codd.
676 4099 704 4144 et
721 4101 785 4144 vett.
810 4089 870 4154 edd,

345 4160 425 4225 eeqrri
442 4159 574 4224 velimus,
596 4159 736 4224 legendum
760 4159 810 4210 erit
826 4177 871 4220 su-

349 4230 456 4342 stiperet
467 4263 485 4305 ,Ι
499 4227 542 4278 cni
569 4225 776 4305 Oudendorpius
795 4243 871 4295 praee

351 4293 872 4430 liniat,Gepid'drndriodudlilli'ddisplidl'zld·

348 4433 412 4494 ‘tum
426 4427 472 4496 §it-
492 4425 574 4507 Quod
591 4425 660 4496 milri
676 4443 731 4480 nou
748 4427 870 4494 ridetur:

931 3021 976 3072 rub
992 3024 1180 3088 aequinoctium
1197 3019 1234 3072 sic
1250 3021 1413 3080 diviserunt,
1427 3028 1458 3072 ut

932 3105 985 3140 nox
1004 3087 1132 3157 inciperet
1148 3085 1181 3138 ah
1199 3097 1287 3138 nostra
1306 3097 1379 3139 sexta
1392 3085 1457 3138 hora

932 3155 1083 3223 vespertina
1115 3152 1297 3233 desineretque
1333 3155 1360 3204 in
1385 3164 1458 3208 sexta

933 3222 1081 3287 matutina3
1107 3219 1161 3273 dici
1178 3240 1238 3274 vero
1255 3222 1366 3272 anitium
1389 3229 1458 3274 esset

933 3299 1007 3342 sexta
1046 3289 1177 3352 matutina
1216 3295 1243 3341 et
1281 3287 1340 3340 finis
1384 3297 1458 3342 sexte

933 3357 1090 3427 vespertina.
1116 3354 1208 3426 ltaque
1235 3354 1292 3408 dies
1320 3355 1460 3410 constabat

933 3423 1065 3476 duodenis
1100 3422 1194 3484 horis,
1223 3441 1289 3501 quae
1327 3441 1343 3473 a
1374 3425 1459 3494 prima

934 3491 967 3544 ad
994 3490 1178 3548 duodecimam
1195 3489 1319 3570 deinceps
1337 3508 1459 3542 numera-

934 3556 1056 3610 bantur:
1087 3575 1141 3608 uox
1190 3566 1307 3610 treternrs
1339 3557 1458 3625 vigiliis.

934 3624 1039 3694 vigiliae
1067 3625 1148 3676 ternis
1171 3575 1265 3678 loris:
1295 3643 1460 3695 quamquam

935 3701 963 3744 et
991 3691 1076 3745 noctis
1098 3691 1160 3744 hore
1188 3693 1295 3762 prima,
1323 3689 1458 3752 secanda,

936 3769 986 3812 etc.
1004 3768 1154 3811 numeratae
1172 3768 1251 3818 sunt,
1268 3767 1300 3810 ut
1317 3763 1350 3818 8,
1370 3757 1412 3809 35.
1432 3757 1459 3810 B.

935 3827 981 3880 Af.
991 3841 1029 3896 70.
1044 3825 1179 3878 Crescente
1189 3841 1250 3878 vero
1262 3833 1289 3876 et
1304 3825 1462 3898 decresffnte

935 3893 994 3953 die,
1023 3902 1099 3946 eraut
1126 3891 1204 3944 leorae
1234 3891 1295 3944 illeo
1322 3891 1460 3946 duodenae

937 3961 1065 4028 longiores
1084 3969 1131 4011 aut
1148 3959 1300 4021 breviores,
1328 3969 1360 4011 ut
1376 3971 1405 4012 et
1421 3959 1462 4010 vi·

934 4027 1021 4094 giliae.
1044 4030 1103 4078 Art.
1120 4027 1196 4080 Tact.
1214 4045 1272 4097 cap.
1292 4043 1332 4078 υ.
1351 4029 1461 4097 Semper

936 4111 997 4144 vero
1014 4101 1104 4147 nostra
1127 4093 1283 4147 duodecima
1296 4133 1303 4156 ,
1330 4096 1386 4164 ipse
1409 4113 1462 4148 me·

937 4157 998 4211 dius
1016 4159 1088 4222 dies,
1108 4171 1276 4214 estretennn
1294 4161 1357 4214 hora
1375 4171 1460 4222 sexte,

936 4226 1050 4295 ideoque
1057 4228 1224 4296 regrediendo
1236 4239 1263 4280 et
1273 4223 1461 4307 progrediendo

938 4294 1046 4364 reperiri
1067 4299 1169 4346 circiter
1193 4302 1241 4359 (ct
1262 4297 1300 4348 sic
1323 4295 1458 4354 intellexi,

939 4363 1043 4433 quoties
1061 4363 1171 4427 monui)
1190 4371 1279 4432 potest
1301 4364 1460 4432 comparatio

939 4438 1129 4498 nostrorumst
1146 4437 1264 4493 veterum
1276 4429 1410 4498 horarum.
1419 4428 1460 4494 Μ.
