3000 5268
238 451 242 460 .
353 369 447 464 aab
718 409 773 464 na
809 407 941 466 nunna
976 409 1097 468 assa.

402 605 463 680 35.
502 605 605 679 Haec
634 605 670 677 in
703 606 875 678 amnibus
906 607 1125 680 Eburonum
1160 607 1329 706 partibus
1362 633 1448 708 gere·

349 721 508 808 bantur,
535 720 686 818 diesque
712 721 911 819 adpetebat
937 723 1135 822 septimus,
1152 747 1266 820 quem
1294 722 1340 796 ad
1365 724 1447 794 diem

348 835 483 907 Caesar
508 835 554 906 ad
582 834 831 934 inpedimenta
863 836 1120 938 legionemque
1151 839 1291 912 reverti
1324 841 1447 909 consti-

348 959 486 1026 tuerat.
549 954 640 1044 Hic,
678 961 863 1052 quantum
897 956 935 1026 in
967 951 1064 1026 hello
1095 953 1246 1027 fortuna
1279 953 1391 1052 possit
1417 961 1448 1027 et

347 1077 508 1169 quantos
535 1069 679 1145 adferat
706 1093 835 1157 casus,
852 1049 1025 1168 adgnosci
1047 1073 1180 1168 potuit.
1207 1074 1399 1170 Dissipatis
1413 1097 1446 1142 ac

343 1186 550 1284 perterritis
577 1185 765 1276 hostibus,
785 1191 827 1257 ut
845 1183 1204 1274 demonstravimus,
1225 1209 1358 1256 manus
1379 1189 1447 1256 erat

345 1297 467 1389 nulla,
487 1323 580 1396 quae
600 1323 756 1398 parvam
782 1299 894 1371 modo
922 1323 1092 1372 caussam
1119 1301 1267 1372 timoris
1290 1299 1446 1372 adferret.

344 1415 463 1486 Trans
490 1415 663 1486 Rhenum
692 1413 739 1486 ad
767 1413 974 1488 Germanos
1001 1417 1170 1512 pervenit
1201 1414 1325 1496 fama,
1353 1411 1445 1508 diripi

341 1527 558 1618 Eburones,
585 1535 698 1626 atque
727 1527 826 1602 ultra
854 1553 982 1602 omnes
1014 1528 1060 1600 ad
1093 1527 1274 1626 praedam
1301 1525 1444 1598 evocari.

343 1643 494 1744 Cogunt
521 1644 691 1740 equitum
718 1643 922 1718 duomilia
949 1644 1152 1745 Sigamhri,
1171 1647 1234 1742 qui
1263 1649 1352 1716 sunt
1376 1665 1445 1740 pro·

340 1758 432 1828 ximi
459 1757 610 1846 Rheno,
630 1759 802 1855 aquibus
828 1766 999 1858 receptos
1019 1783 1065 1832 ex
1083 1761 1170 1858 tuga
1197 1757 1443 1831 Tenchtheros

340 1879 453 1970 atque
481 1875 650 1971 Usipetes
676 1899 785 1972 supra
813 1875 1026 1948 docuirnus=
1057 1883 1257 1949 transeunt
1284 1875 1442 1946 Rhenum

339 1993 499 2065 navibus
517 1991 757 2088 ratibusque,
772 1995 877 2064 XXX
892 1993 1040 2066 milibus
1057 2017 1234 2092 passuum
1253 1994 1350 2067 intra
1368 2015 1439 2062 eura

337 2109 491 2194 iocum,
526 2109 589 2181 uhi
622 2131 713 2208 pons
745 2117 825 2182 erat
857 2110 1043 2208 perfectus
1074 2109 1373 2210 praesidiumque
1403 2107 1440 2177 ab

338 2225 494 2297 Caesare
519 2223 885 2323 retiatum:·primos
915 2225 1133 2298 Eburonum
1164 2226 1257 2299 fines
1289 2225 1440 2308 adeunt,

337 2339 478 2414 multos
505 2365 550 2414 ex
577 2339 665 2440 suga
692 2339 875 2438 dispersos
902 2343 1115 2442 excipiunt,
1139 2368 1278 2445 magno
1311 2339 1438 2441 pecoris

337 2481 515 2548 numera,
542 2461 648 2531 cuius
675 2463 764 2530 sunt
790 2455 1026 2556 cupidissimi*
1041 2459 1209 2550 barbari,
1238 2461 1436 2559 patiuntur.

334 2573 487 2645 Invitati
517 2572 676 2670 praeda,
701 2571 847 2670 longius
874 2573 1101 2670 procedunt:
1129 2600 1203 2647 non
1231 2577 1301 2647 hos
1328 2570 1437 2671 patus,

335 2691 372 2764 in
400 2687 496 2761 belia
523 2689 800 2787 latrociniisque
828 2695 954 2779 natos,
983 2715 1055 2763 nou
1083 2691 1198 2764 silvae
1225 2696 1435 2764 morantur:

335 2807 468 2904 quibus
501 2809 539 2880 in
574 2809 664 2882 locis
699 2809 748 2881 sit
782 2808 935 2896 Caesar,
962 2833 1008 2881 ex
1039 2811 1199 2908 captivis
1234 2812 1432 2908 quaerunt;

334 2921 544 3020 profectum
573 2921 720 3024 longius
751 2923 941 3022 reperiunt
977 2947 1201 3022 omnemque
1237 2923 1432 2998 exereitum

332 3040 535 3113 discessisse
564 3048 806 3139 cognoscunt.
835 3041 956 3136 Atque
981 3063 1075 3112 unus
1093 3064 1138 3112 ex
1156 3043 1334 3141 captivis,
1351 3033 1436 3138 Quid

332 3181 412 3242 vos,
434 3154 575 3252 inquit,
594 3153 688 3226 itanc
712 3161 881 3226 miseram
906 3181 950 3226 aa
976 3167 1115 3229 tenuem
1140 3159 1331 3230 sectamini
1341 3173 1434 3252 prae·

330 3273 439 3363 dam,
469 3271 595 3370 quibus
626 3271 707 3343 licat
736 3259 810 3342 iam
841 3295 917 3344 esse
935 3273 1279 3364 fortunatissimis?
1317 3271 1433 3346 Tribus

330 3387 430 3458 haris
448 3386 677 3458 Aduatucam
705 3388 821 3460 venire
843 3391 1013 3483 potestis:
1030 3387 1102 3460 huc
1118 3415 1239 3463 amnes
1258 3415 1344 3464 suas
1356 3383 1432 3481 sot·

330 3517 434 3577 tanus
460 3503 638 3578 exercitus
656 3499 900 3574 Romanorum
925 3501 1093 3592 contulit,
1106 3506 1282 3600 praesidii
1305 3513 1429 3574 tontum

327 3629 398 3704 ast,
416 3627 456 3688 ut
472 3637 516 3685 ne
533 3637 657 3686 manas
683 3614 824 3712 quidem
849 3619 953 3713 cingi
972 3621 1107 3714 possit,
1124 3643 1235 3716 neque
1253 3623 1429 3717 quisquam

359 3831 454 3878 reverti
459 3831 632 3878 aomtituerat.
642 3825 685 3878 Ct.
695 3843 750 3895 cap.
760 3825 848 3876 33.M.
943 3825 1170 3894 fortunatissimis.
1193 3827 1246 3880 Alii
1259 3821 1428 3899 fhraoratissi·

359 3939 440 3990 supra
455 3921 591 3974 domimus.
609 3919 651 3974 Cs.
670 3931 701 3988 4,
722 3923 758 3972 ιδ.
776 3920 815 3972 Μ.
915 3911 978 3946 '¹⁸⁰³'
997 3895 1049 3948 sed
1067 3897 1139 3949 md
1156 3896 1221 3949 Μή
1238 3895 1314 3950 ΨΜ

358 4012 498 4052 humanat.
515 3999 559 4057 At
577 4013 743 4053 wanwuntes.
949 3991 1109 4043 Aduatucam
1126 3999 1212 4045 venire
1225 3997 1339 4051 potestis·
1378 3982 1425 4038 Alii

356 4101 494 4172 γεῃεςιιιε.
507 4093 547 4144 lta
560 4095 665 4172 reposui
675 4111 734 4145 cum
744 4093 849 4145 Ouden-
914 4057 1274 4191 ffnzuzfflsz⁶ggr‘Lil’giegt
1288 4057 1359 4192 ἑῐῖθδ
1371 4073 1425 4125 Pfi'*

326 4160 419 4236 dorpra
437 4177 464 4212 ur
483 4160 523 4211 ed.
539 4161 847 4230 posteriore.-V.c.29.
963 4203 967 4215 ,
1177 4215 1178 4220 ¹
1235 4211 1239 4220 Ι

325 4226 379 4276 Atti
396 4227 559 4294 inperiosus,
577 4229 624 4306 qui
640 4227 763 4280 videlieet
780 4245 847 4296 pon,
940 4205 1066 4274 fortunas
1083 4207 1198 4258 contulit.
1214 4209 1267 4260 vid.
1281 4226 1335 4278 cap.
1345 4203 1381 4254 32.
1392 4194 1421 4246 Μ.

324 4311 377 4342 uon
396 4228 508 4361 amptius
532 4299 660 4363 perlectus
683 4304 750 4354 erat,
774 4301 847 4362 parte
948 4296 1046 4336 “mmm
1063 4301 1108 4338 ‘'³⁸-
1127 4291 1144 4340 ἰ·
1162 4309 1183 4340 ⁸·
1203 4298 1257 4340 Μ
1273 4304 1366 4360 parom·
1383 4277 1424 4330 sic

324 4357 412 4428 aliq-„3
440 4361 774 4430 ,354qssa‚..1„0pftrs1um
797 4379 846 4430 pro
914 4351 988 4404 etc.
1007 4351 1322 4414 3,2‚tantttn1navium.

321 4430 401 4476 reciso
419 4425 513 4476 dorum
530 4425 624 4478 Oudeu
646 4463 651 4476 .
668 4427 784 4478 videtur.
946 4441 975 4481 st
991 4449 1022 4482 no
1038 4449 1133 4484 motas.
1151 4435 1193 4486 st.
1206 4447 1233 4487 ut
1245 4452 1338 4488 maras.
1354 4417 1419 4480 mrte-
