3040 5264
375 316 469 441 ¹114
734 356 788 416 oe
825 357 958 415 neum
993 357 1113 416 orm.

370 551 624 627 sauromatem
645 558 806 653 generis,
826 569 861 628 et
880 558 1004 628 ceteris
1030 553 1278 641 humaniores,
1294 565 1471 650 propterea

369 668 466 766 quod
488 667 654 740 Rhenum
679 667 869 770 udh'ngrmt
894 671 1113 767 multumque
1129 668 1178 739 od
1192 688 1250 739 eos
1268 683 1472 740 mercatores

369 789 564 873 ventilant,
589 797 623 857 el
648 789 720 884 ipsi
731 799 878 882 propter
890 791 1188 883 propinquitatem
1221 783 1368 856 Gallicis
1397 797 1475 854 suut

368 901 524 972 moribus
549 899 760 994 adsuefacti.
804 901 882 972 Hos
909 924 1024 998 quum
1053 901 1187 986 suevi,
1213 900 1345 972 multis
1374 924 1475 998 saepe

367 1015 473 1090 bellis
499 1018 664 1116 experti,
691 1022 843 1115 propter
870 1017 1151 1115 amplitudinem
1180 1019 1475 1114 gravitatemque

367 1135 556 1224 civitatis,
591 1131 725 1205 finibus
757 1130 938 1230 expellere
973 1157 1049 1205 non
1083 1134 1317 1230 potuissent,
1351 1139 1476 1208 lamen

366 1249 569 1352 vectigales
595 1250 661 1324 sibi
696 1249 866 1323 lecerunt
897 1275 940 1322 ac
972 1247 1094 1323 multo
1127 1248 1344 1324 humiliores
1375 1249 1477 1324 infir·

365 1367 574 1463 mioresque
600 1364 837 1466 redegerunt.
1063 1363 1065 1368 ’

418 1485 453 1566 4.
473 1481 514 1552 ln
529 1477 659 1553 eadem
678 1503 807 1551 caussa
825 1479 976 1552 fuerunt
992 1477 1161 1577 Usipetes
1176 1480 1215 1548 et
1229 1475 1474 1560 Teuchtheri,

366 1615 459 1690 qnos
477 1617 588 1692 supra
607 1590 784 1682 diximus,
803 1595 864 1689 qui
887 1592 1098 1688 complures
1123 1613 1239 1663 annos
1266 1591 1475 1664 Suevnrum

364 1709 442 1778 vim
461 1711 717 1782 sustinuerunt
724 1735 736 1795 3
755 1707 801 1780 ad
821 1714 1033 1781 extremum
1051 1715 1197 1794 tamen,
1215 1706 1312 1804 agris
1333 1705 1474 1802 expulsi

365 1829 403 1892 et
429 1819 558 1894 multis
587 1822 807 1896 Germaniae
825 1821 915 1895 locis
933 1824 1136 1895 triennium
1161 1821 1287 1917 vagati
1308 1817 1356 1890 ad
1374 1819 1474 1892 Rhe·

362 1955 456 2008 num
475 1943 743 2034 pervenerunt:
764 1961 856 2034 quas
874 1939 1041 2036 regiones
1066 1935 1228 2032 Menapii
1255 1930 1474 2006 incolebant

365 2055 404 2122 et
431 2051 477 2124 ad
507 2059 704 2148 utramque
731 2053 849 2151 ripam
880 2049 1043 2126 fluminis
1070 2075 1200 2150 agros,
1229 2049 1395 2122 aedificia
1423 2051 1476 2123 vi·

365 2191 504 2268 cosque
523 2169 731 2254 habebant3
751 2167 812 2241 sed
838 2173 964 2242 tantae
991 2166 1240 2242 multitudinis
1266 2166 1370 2244 aditu
1397 2193 1476 2266 per-

361 2287 505 2370 territi,
522 2309 568 2358 ex
584 2286 640 2359 his
655 2284 846 2374 aedificiis,
859 2308 953 2382 quae
972 2291 1075 2358 trans
1093 2282 1232 2358 humen
1246 2283 1477 2377 habuerant,

363 2401 664 2506 demigraverant
691 2407 749 2488 et,
777 2401 828 2473 cis
854 2399 1028 2473 Rhenum
1055 2399 1239 2499 dispositis
1264 2403 1476 2500 praesidiis,

364 2517 571 2590 Germanos
590 2515 747 2589 transire
776 2514 1035 2612 prohibebant.
1062 2513 1138 2604 llli,
1157 2514 1283 2588 omnia
1309 2518 1473 2611 experti,

351 2653 480 2731 sprum
498 2655 617 2729 neque
637 2631 673 2702 vi
693 2628 917 2704 contendere
937 2637 1089 2730 propter
1114 2631 1278 2730 inopiam
1302 2637 1477 2722 navium,

362 2769 482 2843 neque
511 2745 610 2817 clam
637 2746 793 2816 transsire
823 2751 973 2843 propter
1000 2746 1187 2819 custodias
1215 2743 1500 2844 Menapiorum

362 2863 537 2957 possent,
559 2859 695 2930 reverti
724 2883 762 2929 se
789 2859 825 2929 in
853 2883 937 2931 suas
964 2859 1067 2933 sedes
1093 2859 1336 2960 regionesque
1363 2861 1477 2932 simu-

359 2970 558 3058 laverunt;
586 2977 626 3044 et
651 2971 765 3044 tridui
794 2972 893 3045 viam
922 2975 1124 3073 progressi,
1153 2997 1282 3046 rursus
1311 2983 1477 3046 reverte·

358 3091 449 3158 runt
468 3090 604 3182 atque,
621 3087 722 3158 omni
737 3087 808 3159 hoc
822 3088 955 3160 itinere
974 3113 1048 3160 una
1066 3095 1176 3160 nocte
1194 3087 1364 3184 equitatu
1386 3111 1475 3160 con·

349 3185 479 3294 lecta,
495 3203 631 3276 inscios
655 3203 963 3302 inopinantesque
980 3202 1171 3303 Menapios
1189 3203 1476 3303 obpresserunt,

356 3443 452 3504 horum
463 3447 602 3505 verborum
613 3456 640 3501 et
650 3445 791 3518 multiplex
803 3443 880 3498 codd.
946 3452 1009 3499 εἰη.
1026 3463 1089 3499 uam
1105 3463 1195 3500 annu
1213 3445 1292 3500 idem.

345 3519 480 3598 'variolam
558 3525 617 3594 unt·
631 3515 702 3567 bunc
722 3514 811 3572 locum
824 3531 880 3566 cor·
979 3513 1141 3582 uultumque.
1159 3512 1243 3630 Vulgo
1258 3514 1392 3598 inultique.

346 3581 880 3713 ·¹'⁰¹·'²¹⁰¹¹¹⁵m5t“ttttll¹,⁰’llll'
946 3583 1145 3702 ,tiballi
1168 3581 1475 3702 iiisl‘d'i‘did‘m‘

354 3665 526 3773 imbres
544 3669 674 3788 ladislaus
686 3667 813 3786 melaplir.
828 3683 879 3766 Gr:
978 3716 1010 3766 ln
1026 3719 1082 3768 cad.
1098 3668 1179 3769 musi.
1189 3719 1216 3788 j:
1234 3667 1416 3795 cudempsorta
1433 3718 1474 3767 usi

353 3795 395 3841 xel
413 3791 551 3857 ipepoirrpol
566 3811 589 3840 τι
606 3795 651 3840 τῶν
669 3787 741 3838 ἄλλων
765 3786 879 3851 ὁμοιθυῶν
944 3791 1020 3842 sont,
1051 3783 1142 3836 eodem
1172 3784 1251 3838 modo
1279 3793 1366 3836 ruat}
1399 3792 1473 3836 suut.

354 3859 411 3908 cloto
428 3860 449 3909 ol
464 3863 558 3916 olene.
575 3850 666 3904 Voluit
683 3849 777 3922 aliquis
798 3849 878 3900 inter·
943 3848 987 3900 cl.
1003 3867 1025 3900 c.
1047 3851 1119 3902 1.M.

355 3923 454 3990 pretori
471 3918 732 3979 lraoe,bnn1aniores,
745 3933 822 3985 qnam
833 3920 878 3984 qni
977 3917 1057 3968 aditu.
1074 3916 1121 3968 alii
1137 3919 1255 3969 aduam.

352 3999 413 4066 snut
434 3989 542 4066 eiupdam
561 3990 675 4066 generis:
692 3985 797 4064 scripsit
818 4001 877 4052 ergo
977 3981 1133 4064 habueruut,
1156 3986 1368 4055 denrigravmnt.
1409 3985 1471 4054 Leg,

351 4069 527 4184 'tuteli
545 4051 876 4186 waltildis:
943 4051 1471 4172 l‘ltl‘ltlt⁹‘”“tsl‘ltlz²¹“tt

351 4157 773 4304 guntur,0udend.deditccodd.
785 4183 875 4237 Editio
943 4193 1092 4256 temporum
1108 4138 1320 4247 nudabimus
1338 4185 1408 4238 hanc
1426 4205 1470 4236 ne-

339 4257 342 4264 .
377 4269 420 4304 cn.
432 4251 513 4334 habet
524 4269 577 4304 non
590 4253 627 4303 ita
639 4251 705 4332 male
712 4291 720 4331 ,
731 4256 776 4320 qut
784 4251 875 4334 paullo
940 4252 1092 4369 gligentiem
1101 4263 1200 4322 grutam
1211 4252 1356 4327 adpellare,
1367 4271 1468 4332 mensur

350 4331 410 4370 sonu
433 4322 539 4370 emsdem
561 4335 661 4388 generis
685 4331 761 4369 etrum
784 4329 872 4369 reterre
941 4319 970 4370 cl
980 4338 1066 4386 ugrum
1084 4329 1131 4372 est.
1149 4321 1191 4374 Μ.
1217 4321 1294 4373 Recte
1317 4329 1465 4378 monstrnt,

351 4383 420 4438 hum.
442 4386 512 4442 Sunt
530 4389 575 4458 qni
590 4389 672 4456 gentis
690 4385 801 4476 malint,
820 4387 872 4439 ho·
941 4387 1079 4464 cmundari
1097 4387 1225 4461 posterius
1241 4387 1360 4445 verbm.
