3032 5266
373 407 452 478 Lm.
489 415 515 476 1.
551 415 644 476 cae.
684 347 858 478 35-38.
1076 385 1169 516 393

63 615 124 694 aut
149 611 303 694 materia
330 623 444 716 atque
471 619 709 694 armamentis
731 619 924 693 instructis
944 577 990 690 eid
1009 615 1171 718 reliquas

62 737 254 809 arr'nandas
280 735 569 836 reficiendasque
595 744 772 811 utuntur:
801 735 976 810 frumenti
997 738 1095 832 quod
1119 741 1172 810 in-
1225 787 1227 794 ·
1283 717 1287 734 ⁵

61 860 215 926 ventum
242 861 316 943 est,
343 855 380 926 in
404 851 594 953 publicum
612 853 830 927 conferunt:
851 853 1009 950 reliquas
1029 875 1171 928 merces
1287 943 1291 952 ι

61 976 364 1068 commeatusque
391 970 437 1042 ad
465 968 693 1044 obsidionem
720 969 844 1057 urbis,
869 970 898 1042 si
917 946 1083 1060 aceidnt,
1110 989 1172 1044 re·

61 1067 225 1157 servant:
273 1084 417 1177 Quibus
442 1083 586 1157 iniuriis
611 1091 803 1182 permotus
829 1085 983 1173 Caesar,
1008 1081 1171 1183 legiones

60 1201 132 1272 tres
159 1197 362 1270 Massiliam
389 1199 564 1285 adducitr
601 1205 722 1272 turres
749 1201 949 1296 vineasque
975 1199 1021 1270 ad
1049 1199 1171 1296 obpu-
1207 1259 1211 1272 .
1327 1217 1334 1231 ·

60 1314 274 1410 gnationem
300 1314 403 1387 urbis
425 1339 560 1414 agere,
602 1341 716 1388 naves
754 1315 884 1416 longas
917 1313 1068 1390 Arelate
1102 1340 1205 1386 nu·-

59 1453 161 1502 mero
187 1429 384 1506 duodecim
410 1429 532 1503 facere
559 1431 735 1504 instituit.
776 1430 920 1521 Qubus
946 1427 1086 1500 effectis
1113 1454 1171 1498 ar·

60 1545 241 1641 matisque
268 1543 397 1618 diebus
421 1545 606 1648 triginta,
625 1569 747 1642 aqua
781 1543 839 1614 die
871 1543 1029 1612 materia
1062 1565 1169 1614 caesa

59 1663 112 1730 est
120 1701 131 1742 ⁵
160 1657 405 1756 adductisque
432 1659 658 1748 Massiliam,
685 1659 741 1732 bis
766 1658 813 1730 D.
839 1655 999 1728 Brutum
1041 1655 1170 1751 praeli·

60 1771 133 1842 cit:
161 1772 203 1844 G.
221 1773 449 1846 Trebonium
467 1773 654 1874 Legatum
671 1771 718 1846 ad
738 1771 1053 1870 obpugnationem
1073 1771 1170 1841 Mas·

59 1883 158 1957 siliae
184 1883 375 1982 relinquit.

105 1997 168 2096 37.
195 2002 294 2078 Dum
310 2004 401 2075 baec
420 2007 528 2101 parat
542 2009 654 2100 atque
673 2001 932 2088 administrat,
948 1999 990 2072 C.
1009 1997 1168 2074 Fabium

59 2113 239 2214 Legatum
268 2141 356 2188 oum
382 2115 589 2218 legionibus
615 2115 761 2204 tribus,
788 2137 879 2210 quas
906 2112 1080 2184 Narbone
1098 2115 1170 2182 nir·

60 2253 220 2328 cumque
246 2257 289 2305 ea
314 2233 396 2306 loca
437 2231 622 2305 hiemandi
663 2237 793 2304 baussa
828 2230 1090 2325 disposuerat,
1112 2227 1168 2300 in

59 2344 272 2445 Hispaniam
300 2350 527 2447 praemittit,
555 2348 795 2445 celeriterque
823 2345 1030 2440 Pyrenaeos
1051 2341 1168 2414 saltus

61 2464 233 2562 occupari
260 2464 383 2548 iubet,
412 2467 475 2563 qui
503 2487 547 2538 eo
573 2471 742 2562 tempore
775 2462 821 2534 ab
855 2461 898 2532 L.
916 2459 1069 2533 Afranio
1095 2459 1168 2530 Le-

60 2583 146 2676 gato
173 2579 362 2678 praesidiis
388 2581 639 2654 tenebantur:
666 2577 826 2678 reliquas
852 2576 1039 2675 legiones,-
1072 2597 1167 2672 quae

59 2689 202 2791 longius
228 2691 469 2780 hiemabant,
496 2695 669 2795 subsequi
694 2694 811 2766 iubet.
837 2691 995 2778 Fabius,
1026 2695 1070 2761 ut
1087 2694 1168 2762 erat

58 2805 300 2907 imperatum,
328 2810 495 2884 adbibita
522 2809 728 2898 celeritate,
757 2807 979 2908 praesidium
1005 2827 1051 2878 ex
1069 2804 1169 2878 saltu

60 2921 193 2996 deiecit
219 2925 436 3024 magnisque
462 2926 656 3000 itineribus
693 2923 741 2997 ad
781 2924 987 2996 exercitum
1026 2919 1169 2996 Abanii

60 3041 265 3114 uorrtendit.
831 3119 850 3150 ·

107 3153 171 3224 38.
197 3154 375 3228 Adventu
400 3157 442 3227 L.
468 3153 621 3228 Vibullii
648 3153 756 3244 Rufi,
782 3171 894 3252 quem
927 3177 950 3224 a
989 3151 1167 3248 Pompeio

57 3268 212 3344 missum
239 3273 277 3343 in
295 3271 511 3370 Hispaniam
530 3271 828 3344 demonstratum
845 3276 920 3360 est,
937 3267 1112 3344 Afranius
1130 3275 1170 3344 et

57 3381 226 3460 Petreius
252 3395 296 3460 et·
317 3389 457 3476 Varro,
490 3389 621 3491 Legati
652 3387 844 3486 Pompeii,
872 3405 1034 3483 quorum
1074 3409 1170 3463 unus
1221 3451 1222 3456 ,

57 3505 178 3580 tribus
203 3505 410 3606 legionibus
427 3503 645 3604 Hispaniam
668 3505 898 3592 citeriorem
917 3503 1013 3592 alter
1030 3527 1052 3576 a
1070 3501 1170 3578 saltu

56 3616 313 3692 Castulonensi
343 3618 388 3690 ad
417 3619 537 3693 Anam
565 3617 709 3692 duabus
725 3617 950 3718 legionibus;
969 3616 1104 3689 tertius
1121 3617 1169 3690 ab

56 3733 140 3806 Ana
166 3735 373 3808 Vettonum
402 3757 531 3830 agrum
558 3735 861 3832 Lusitaniamque
900 3733 979 3831 pari
1013 3756 1168 3805 numero
1207 3753 1225 3774 ⁸

55 3847 247 3948 legionum
274 3853 494 3939 obtinebat,
520 3847 643 3953 offusis
668 3851 768 3924 inter
792 3873 830 3922 se
856 3852 1091 3948 partiuntur,
1114 3849 1169 3921 uti

54 3965 226 4040 Petreius
253 3991 298 4040 ex
316 3967 507 4040 Lusitania
524 3969 590 4066 pe'r
609 3969 788 4040 Vettones
806 3992 894 4040 curn
914 3967 1086 4040 omnibus
1105 3989 1169 4038 co·
1220 4001 1225 4016 ·

55 4225 126 4280 oud.
145 4223 196 4296 legi
213 4227 306 4282 suadet
320 4245 412 4298 parum
423 4234 580 4282 armerum
678 4245 733 4284 utun
749 4231 799 4302 leg.
817 4231 905 4285 tribus.
926 4227 1040 4284 Videtur
1056 4239 1170 4296 maeror

55 4297 85 4343 iis
102 4294 139 4344 ad
157 4293 205 4345 rel.
234 4296 283 4347 Pro
300 4299 429 4348 instrueris
464 4297 579 4350 lurinins
645 4295 776 4352 babuisse.
788 4299 831 4352 Cf.
844 4317 866 4352 c.
880 4309 920 4364 40.
934 4297 1046 4352 lurinius
1058 4297 1168 4346 notavit.

53 4357 78 4409 le
96 4363 103 4410 i
116 4361 174 4412 vult
185 4363 305 4413 damnatis
317 4363 357 4414 vel
369 4369 504 4424 extrusum·
516 4365 580 4418 deit

54 4377 94 4476 acl
104 4429 221 4498 reliqws
238 4430 329 4499 longas
345 4432 493 4482 armandas.
677 4427 880 4488 demomwatwn
890 4442 937 4484 est.
949 4431 1028 4483 Cous.
1038 4447 1063 4483 e.
1075 4425 1117 4494 34<
1125 4425 1170 4480 Μ·

159 4525 313 4603 CAESAR.
340 4530 534 4606 Commeat.
565 4529 673 4606 Tum.
698 4533 726 4605 1.
894 4533 930 4606 D
950 4529 1016 4604 dd
