3040 5264
358 411 436 470 LlB.
472 412 526 471 lv.
560 411 651 472 Call).
687 412 862 472 20⁸22.
1071 413 1158 508 129

42 607 112 684 'eos
126 609 279 684 domum
297 611 458 684 remittit
473 618 611 684 etcum
628 613 684 685 his
699 637 772 684 una
790 611 1029 700 Commium,
1049 633 1161 709 quem

53 730 148 826 ipse,
175 727 417 809 Atrebatibus
442 729 643 827 superatis,
673 753 798 826 regem
822 727 873 800 ibi
893 729 1166 818 constituerat,

55 845 157 914 cicius
189 849 228 916 et
257 843 438 916 virtutem
470 848 509 914 et
541 841 736 916 consilium
763 839 948 940 probabat
979 847 1018 914 et
1048 865 1162 938 quem

54 957 117 1028 sibi
143 954 289 1029 fidelem
317 957 588 1045 arbitrabatur,
616 959 794 1054 cuiusque
821 953 1026 1028 auctoritas
1052 955 1091 1025 in
1115 954 1162 1026 iis
1235 979 1240 1018 ι

53 1071 262 1168 regionibus
290 1063 415 1172 magni
446 1071 672 1161 habebatur,
699 1073 831 1144 mittit.
857 1069 955 1142 Huic
984 1071 1163 1167 imperat,

54 1205 142 1277 quas
170 1186 304 1281 possit,
331 1184 443 1258 adeat
469 1187 640 1260 civitates
668 1185 937 1280 horteturque,
961 1189 1005 1254 ut
1031 1182 1163 1280 Populi

54 1301 210 1373 Romani
224 1301 334 1374 iidem
349 1309 574 1400 sequantur,
588 1327 700 1400 seque
715 1299 885 1374 celeriter
899 1323 943 1372 eo
958 1304 1162 1372 venturum

54 1417 217 1506 nuntiet.
243 1418 474 1508 Volusenus,
493 1419 695 1518 perspectis
724 1417 958 1518 regionibus,
979 1424 1161 1512 quantum
1193 1412 1197 1420 “
1285 1475 1288 1484 ,

56 1534 85 1604 ei
113 1533 303 1608 facultatis
330 1535 407 1608 dari
433 1535 578 1634 potuit,
607 1534 670 1631 qui
698 1535 784 1606 navi
811 1532 934 1634 egredi
962 1546 1004 1604 a'e
1023 1556 1061 1604 se
1078 1532 1163 1604 bar-

56 1645 149 1719 baris
176 1651 413 1723 committere
439 1675 514 1722 non
541 1649 710 1732 auderet,
743 1649 875 1746 quinto
903 1645 962 1718 die
994 1645 1040 1718 ad
1071 1645 1162 1718 Cae-

58 1787 172 1836 sarem
199 1767 421 1855 revertitur,
452 1789 620 1864 quaeque
656 1765 707 1839 ibi
733 1762 997 1870 perspexisset,
1027 1785 1163 1834 renun-

58 1881 140 1956 ciat.

105 2019 164 2068 aa.
191 1998 292 2070 Dum
319 1998 357 2070 in
382 1997 439 2070 his
465 1994 557 2068 locis
583 1996 718 2068 Caesar
736 1993 890 2067 navium
905 1989 1162 2090 'parandarum

60 2134 183 2185 caussa
209 2121 400 2203 moratur,
417 2137 465 2187 ex
482 2135 617 2212 magna
635 2117 741 2210 perte
757 2110 991 2182 Morinorum
1011 2108 1058 2180 ad
1076 2133 1163 2181 eum

58 2220 165 2325 legati
193 2235 396 2318 venerunt,
416 2229 480 2326 qui
507 2252 544 2300 se
572 2224 617 2298 de
644 2225 843 2325 superioris
868 2224 1048 2332 temporis
1076 2247 1165 2296 eon-

61 2338 134 2414 silio
166 2351 409 2433 excusarent,
434 2341 536 2441 quod
567 2341 735 2414 homines
768 2339 916 2412 barbari
947 2343 986 2410 et
1015 2343 1163 2410 nostrae

62 2458 332 2532 consuetudinis
359 2457 507 2558 inperiti
533 2455 673 2530 bellurn
699 2454 842 2554 Populo
869 2455 1041 2526 Romano
1060 2451 1166 2524 fecis·

62 2576 161 2660 sent,
185 2596 297 2670 seque
328 2597 388 2662 ea,
419 2597 514 2671 quae
543 2573 783 2670 imperasset,
812 2568 979 2640 facturos
1011 2563 1167 2668 pollicef

62 2693 195 2761 rentur.
222 2691 304 2763 Hoc
322 2691 389 2764 sibi
409 2690 498 2762 satis
517 2688 726 2786 obportune
752 2686 888 2758 Caesar
909 2680 1085 2755 accidisse
1104 2705 1166 2754 ar-

61 2798 235 2892 bitratus,
252 2803 353 2901 quod
371 2827 490 2901 neque
516 2809 600 2903 pest
625 2809 774 2901 tergum
792 2799 940 2873 hostem
958 2793 1166 2892 relinquere

62 2915 230 3010 volebat,
261 2942 380 3016 neque
411 2917 495 2992 belli
529 2917 678 3018 gerendi
714 2921 866 3016 propter
897 2913 983 2986 anni
1017 2916 1167 3007 tempus

62 3027 275 3107 facultatem
305 3036 487 3124 habebat,
519 3058 639 3129 neque
674 3033 741 3105 bas
772 3029 1004 3105 tantularum
1040 3050 1167 3098 rerum

62 3153 319 3249 occupationes
338 3153 406 3224 sibi
423 3151 636 3224 Britanniae
654 3149 934 3248 anteponendas
950 3145 1167 3232 iudicabat,
1189 3152 1192 3164 “

62 3287 234 3365 magnum
254 3267 310 3340 his
329 3265 501 3339 obsidum
520 3287 719 3338 numerum
736 3266 908 3366 imperat.
935 3262 1080 3358 Quibus
1105 3257 1168 3332 ad-

1285 1859 1297 1892 t

92 3589 131 3644 eps
147 3573 249 3624 domum
270 3574 385 3623 remittit.
414 3567 448 3622 el.
472 3573 578 3622 remisit.

65 3635 202 3691 Pronomen
210 3658 254 3690 cos
262 3639 353 3692 induci
361 3637 418 3690 heic
427 3635 503 3690 iubet
511 3635 578 3690 oud.

64 3703 93 3754 ad
104 3703 176 3758 Stet.
194 3705 248 3758 lul.
264 3723 286 3758 c.
306 3721 330 3770 7.

93 3773 239 3825 Canonium.
257 3773 289 3824 In
310 3773 430 3824 thesauro
447 3769 580 3824 branden-

65 3833 130 3914 bmg.
146 3841 204 3893 Vol.
221 3857 243 3890 r.
251 3859 284 3958 p.
301 3839 349 3892 305
367 3848 453 3892 exstat
469 3857 580 3900 uumus,

66 3920 91 3954 m
101 3909 171 3960 cuins
183 3927 237 3959 uua
261 3908 313 3959 acic
326 3909 414 3960 circae
433 3923 496 3957 unm
508 3907 582 3959 Conr-

66 3977 133 4032 mioa,
154 3977 182 4026 in
201 3974 283 4026 altera
295 3975 376 4044 capiti
391 3924 491 4044 galeato
511 3971 599 4026 Gar·¹

65 4055 119 4090 nean
134 4041 295 4112 aelscriptom
311 4052 363 4094 est:
377 4060 454 4111 quem
470 4039 581 4110 Begerus

66 4105 95 4156 ad
113 4107 182 4160 bunc
199 4109 353 4160 Commium
371 4109 524 4162 Atrebatem
542 4127 581 4160 re·

68 4173 120 4224 lert.
138 4177 203 4228 cett.
220 4177 261 4228 De
278 4175 359 4228 altero
370 4174 450 4228 verbo
463 4177 581 4228 German

67 4237 167 4308 lisgerus
184 4242 340 4296 dubitanter
356 4243 474 4314 scripsit,
485 4259 519 4293 au
532 4241 582 4293 sor·

70 4313 128 4359 usse
152 4311 190 4360 sit
214 4311 299 4372 idem,
327 4309 398 4388 quod
421 4310 580 4368 Germannsr

69 4375 109 4426 scd
125 4375 171 4428 boe
189 4379 257 4430 soret
273 4375 400 4429 uberioris
424 4375 581 4446 disputatio-

70 4441 118 4504 nis,
134 4462 215 4514 quam
232 4463 281 4515 pro
297 4463 356 4496 mco
372 4442 492 4496 consilio.
521 4441 581 4494 Ma-

644 3568 748 3622 scovius
777 3567 806 3620 in
835 3565 944 3622 historia
973 3561 1167 3620 Germanorum

645 3636 676 3688 T.
691 3653 712 3684 r.
725 3655 750 3708 p.
766 3635 799 3700 37
812 3653 866 3687 uon
877 3630 1001 3704 inprobat
1012 3631 1079 3684 lrenc
1093 3633 1169 3682 numi

645 3703 725 3756 huius
738 3705 941 3774 explicationem
951 3701 982 3754 de
991 3700 1120 3752 Commio.
1129 3699 1170 3748 M.

644 3765 697 3822 Dio
721 3771 802 3823 habet
851 3777 941 3839 ἐμως.
975 3767 1015 3818 De
1040 3783 1122 3818 numo
1142 3775 1169 3818 t.

644 3837 837 3891 telletum,
873 3840 1029 3906 .t.r.p.77.

666 3932 768 3998 ,magni
784 3929 843 3980 tat.
860 3925 937 3996 Vulg.
955 3941 1057 3996 magna.
1075 3923 1118 3975 M.

679 4021 707 4059 ut
723 4009 788 4126 Pop.
806 4007 879 4059 Rom.
898 4004 948 4056 hoc
964 4015 993 4055 ur
1008 4004 1037 4055 in
1055 4001 1169 4072 quibem

646 4073 709 4128 dam
726 4093 755 4127 eo
776 4074 801 4128 d.
820 4074 900 4126 (least.

680 4159 816 4226 perspectis
829 4153 981 4224 regionibus.
997 4149 1098 4204 addunt
1111 4150 1170 4222 qni·
1206 4170 1210 4208 ι

646 4223 708 4277 dam
725 4225 847 4275 enindus.
871 4221 977 4274 Rectius
998 4217 1103 4277 lrabeat,
1120 4237 1170 4272 uec

647 4289 729 4344 habet
746 4292 870 4344 Graecus.

647 4369 728 4490 detegi
743 4369 810 4421 Brit.
827 4379 912 4437 antep-
938 4365 971 4418 ld
993 4367 1041 4418 riti
1063 4365 1092 4418 iu
1109 4363 1170 4418 aliie

163 4539 320 4614 Cinam.
346 4541 522 4612 Conamen.
571 4537 729 4610 Tomi.
934 4531 970 4606 R
