3032 5266
341 325 437 430 4⁰⁰
569 355 572 366 ·
707 335 762 400 bn
798 307 940 402 nnnno'
967 342 1093 404 civim
1211 303 1268 380 ⁵·

338 543 378 620 in
410 563 473 614 eos
498 542 729 616 mitteretur:
757 548 884 618 tamen
912 544 1051 618 virtute
1078 551 1117 620 et
1143 545 1316 644 patientia
1348 537 1429 622 nite·

339 657 498 748 bantur,
525 665 637 755 atque
663 661 788 732 omnia
816 659 971 734 vulnera·
995 663 1239 738 sustinebant
1273 658 1429 762 hugeb'a-

337 781 404 855 lur
431 774 500 848 illis
527 777 659 875 copia,
684 781 797 873 atque
823 801 871 850 ex
897 780 1032 854 castris
1059 780 1233 854 cobortes
1259 807 1322 877 per
1345 783 1431 879 oppi-

340 893 431 968 rlum
458 894 589 968 erebro
615 893 957 985 submittebantur,
978 901 1023 970 ut
1048 897 1183 998 integri
1202 898 1346 973 defessis
1364 915 1431 972 soc·

340 1009 527 1082 cederent.
579 1011 661 1082 Hoc
687 1008 786 1082 idem
812 997 948 1084 Chesar
972 1011 1094 1084 lacere
1121 1011 1345 1113 cogebatur,
1375 1017 1433 1098 ut,

339 1121 530 1196 submissis
563 1124 602 1196 in
641 1123 817 1198 eumdem
851 1123 978 1200 locum
1013 1125 1257 1212 cohortibus,
1294 1125 1434 1200 defessos

340 1237 537 1334 reciperet.

392 1350 453 1436 46.
479 1351 562 1424 Hoc
587 1375 705 1449 quum
731 1357 828 1427 esset
853 1351 966 1427 modo
985 1359 1193 1454 pugnatum
1213 1353 1438 1426 continenter

339 1464 443 1538 horis
469 1465 634 1563 quinque
660 1468 851 1564 nostrique
877 1469 1029 1568 gravius
1055 1494 1078 1542 a
1103 1466 1343 1541 multitudine
1368 1487 1439 1563 pre·

340 1589 558 1666 merentur,
583 1584 789 1656 consumtis
815 1583 988 1658 omnihus
1014 1582 1121 1674 telis,
1158 1581 1289 1684 gladiis
1324 1581 1442 1654 destri-

342 1699 437 1783 ctis,
462 1697 630 1793 inpetum
656 1695 834 1770 adversus
860 1703 1027 1772 montem
1055 1699 1092 1772 in
1117 1696 1287 1770 cohortis
1305 1694 1442 1782 faciunt,

340 1812 544 1910 paucisque
570 1812 744 1904 deiectis,
769 1791 932 1911 relirfuos
958 1837 1036 1886 sese
1062 1818 1285 1898 convertere
1305 1815 1441 1910 cogunt.

340 1927 538 2002 Submotis
562 1929 631 2002 sub
658 1951 810 2002 murum
837 1927 1054 2002 cohortibus
1080 1953 1125 2004 ac
1154 1926 1334 2002 nonnulla
1352 1931 1443 2026 parte

341 2048 498 2139 propter
523 2047 706 2115 terrorem
731 2045 768 2114 in
796 2041 976 2141 oppidum
1002 2041 1223 2140 compulsis,
1254 2039 1375 2114 facilis
1398 2045 1444 2112 est

343 2159 481 2228 nostris
507 2163 680 2256 receptus
706 2157 828 2232 datus.
875 2159 1074 2256 Equitatus
1100 2162 1229 2230 autern
1256 2161 1384 2228 noster
1408 2153 1444 2224 ab

342 2281 505 2372 utroque
530 2270 666 2359 latere,
693 2275 761 2348 etsi
794 2275 945 2348 deiectis
972 2280 1089 2370 atque
1112 2271 1351 2346 inferioribus
1370 2271 1446 2343 locis

340 2391 586 2480 constiterat,
611 2397 738 2464 temen
764 2413 953 2464 summum
980 2391 1018 2464 in
1043 2391 1172 2490 iugum
1200 2391 1345 2462 virtute
1372 2411 1447 2460 con·

231 2579 233 2584 ,
342 2505 479 2578 nititur
504 2511 639 2603 atque,
663 2506 762 2578 inter
787 2506 878 2578 duas
900 2505 997 2578 scies
1016 2505 1272 2603 perequitans,
1290 2523 1448 2576 commo

343 2621 489 2694 diorem
514 2645 566 2712 ac¹
586 2622 766 2694 tutiorem
793 2622 928 2694 nostris
954 2627 1147 2719 receptum
1171 2619 1248 2694 dat.
1276 2621 1336 2692 lta
1357 2619 1448 2691 vario

344 2739 550 2810 certamine
577 2743 784 2836 pugnatum
810 2743 880 2810 est.
905 2737 1034 2810 Nostri
1056 2739 1094 2810 in
1117 2739 1238 2836 primo
1256 2757 1449 2840 congressu

342 2852 496 2926 circiter
521 2853 623 2926 Lxx
648 2851 888 2935 ceciderunt,
908 2851 947 2924 in
966 2853 1023 2924 his
1041 2855 1085 2944 Q.
1104 2851 1295 2952 Fulginius
1324 2875 1373 2923 ex
1391 2849 1451 2948 pri·

342 2987 410 3040 mo
435 2965 584 3040 hastato
611 2965 764 3066 legionis
791 2967 916 3056 Xllll,
933 2967 996 3064 qui
1016 2973 1170 3066 propter
1188 2968 1371 3039 eximiam
1386 2967 1452 3035 vir·

344 3085 471 3158 tutem
496 3105 543 3154 ex
567 3082 801 3154 inferioribus
827 3081 1019 3154 ordinibus
1045 3084 1083 3154 in
1110 3105 1198 3154 eum
1224 3080 1353 3182 locum
1382 3099 1471 3176 per·

315 3204 515 3276 .venerat.
565 3197 820 3272 vulnerantur
845 3189 1003 3297 amplius
1028 3197 1106 3272 DC.
1156 3197 1215 3270 Ex
1245 3195 1452 3270 Afranianis

257 3483 260 3494 Ι
380 3503 528 3575 Augebatur
555 3529 588 3542 ·-
615 3505 697 3572 copia.
730 3497 776 3553 Sic
803 3497 869 3552 honi
933 3501 1043 3567 prinwm
1060 3493 1208 3562 muron,
1227 3495 1256 3546 in
1274 3513 1357 3574 quem
1375 3495 1454 3548 locum

346 3571 422 3626 rodd.
445 3569 500 3623 Alii
521 3571 678 3641 urgebam·
699 3573 795 3638 copiae.
814 3567 866 3620 rirl.
936 3563 1068 3618 odecimo
1086 3561 1242 3631 pervenerit.
1259 3561 1335 3632 Lrps.
1355 3563 1390 3616 de
1412 3563 1454 3612 rni-

348 3639 407 3694 lnd.
425 3640 454 3690 in
470 3643 551 3707 copia.
935 3629 977 3684 lit.
996 3632 1070 3682 llonr.
1089 3647 1125 3689 2,
1143 3631 1167 3682 8.
1185 3631 1314 3702 scriptum
1331 3649 1388 3682 esse
1411 3647 1453 3680 au·

378 3711 513 3776 paucisque
529 3707 639 3758 demtis.
655 3703 768 3756 llsmius
779 3699 869 3753 mallet
936 3705 1022 3750 tumst
1040 3711 1054 3759 7
1070 3699 1148 3762 primi
1165 3696 1284 3758 hastan,
1310 3697 1327 3748 i.
1346 3717 1371 3747 e.
1397 3697 1454 3748 Cen·

346 3778 504 3845 r'rrterjedin
531 3773 578 3828 ud
601 3775 624 3828 is
646 3789 737 3826 seusus
760 3779 801 3822 est
830 3779 869 3824 ηε
936 3778 1056 3844 turropr.
1071 3763 1156 3842 h.sed
1166 3763 1453 3844 ea‘ootaCenturionis.

348 3845 468 3902 deiectis,
487 3849 516 3892 ut
533 3841 567 3894 G.
586 3861 622 3908 ι,
641 3858 681 3905 27.
935 3831 1068 3902 laprrlrbus
1087 3837 1166 3895 trita,
1193 3851 1220 3882 m
1249 3831 1325 3883 codd.
1345 3848 1399 3882 non
1418 3847 1454 3879 nc·

380 3911 480 3962 stersus
501 3907 578 3970 tout,
599 3909 631 3962 sd
648 3907 744 3962 radices
766 3901 866 3956 tumuli.
936 3902 1027 3952 currit.
1040 3897 1171 3967 interpres
1187 3897 1363 3952 Germanicus
1382 3899 1455 3947 Vien-

345 3979 391 4032 Μ.
409 3977 474 4031 boni
492 3973 568 4030 codd·
590 3987 667 4044 atque
682 3980 760 4026 inser·¹
785 3969 869 4042 Vulgo
936 3969 1026 4018 nensis
1049 3985 1072 4017 s.
1100 3975 1171 4032 ¹794-
1191 3967 1338 4036 suspicatur
1359 3964 1455 4016 subrue

348 4059 403 4097 aur.
935 4033 1062 4088 diendum
1090 4049 1146 4083 esse
1174 4049 1207 4083 er
1232 4037 1318 4100 prirrw
1354 4031 1455 4082 maro

381 4129 415 4162 er
434 4113 516 4179 primo
538 4107 652 4161 hasmo.
676 4105 748 4160 ont
770 4103 870 4158 intelli·
933 4106 1033 4172 primur
1047 4103 1174 4169 primepr.
1196 4167 1202 4179 ⁴
1426 4161 1444 4175 ..

349 4179 389 4256 git
407 4181 452 4256 put
467 4181 563 4245 primur
588 4176 706 4228 hortano
715 4177 821 4254 jherir‚
838 4179 870 4223 ut
970 4173 1069 4220 oram
1082 4167 1175 4248 lomim
1194 4183 1222 4248 m
1241 4185 1334 4248 quem,
1353 4183 1388 4216 sn
1404 4181 1455 4242 W.

268 4247 270 4261 '
348 4241 415 4297 ehhr
431 4261 508 4314 saepo
525 4261 558 4293 ex
584 4243 715 4293 Praetura
732 4259 749 4291 1.
767 4261 790 4292 r..
808 4247 870 4310 post
936 4255 971 4288 mr
989 4231 1107 4286 basau?
1122 4253 1201 4302 prunis
1215 4231 1360 4304 prunaprs?
1381 4247 1455 4302 prum

348 4309 504 4364 Praetorem.
526 4310 627 4364 Manui.
651 4311 678 4360 in
704 4307 797 4378 Quses.
823 4323 870 4378 per
934 4303 1005 4378 pili?
1034 4306 1100 4382 Nem
1118 4302 1227 4354 obscum
1245 4301 1308 4380 brec
1324 4308 1395 4354 sant
1415 4313 1456 4350 nec

349 4378 427 4448 epist.
456 4395 490 4440 ι,
518 4377 543 4430 3.
574 4375 688 4446 explicat
715 4375 795 4428 etiam
824 4391 870 4442 per
936 4373 1008 4426 Qud.
1025 4379 1175 4425 coniectum
1190 4369 1298 4424 suffieit.
