3028 5258
334 399 415 461 tarn.
451 401 509 462 111.
545 403 649 462 can·
675 370 851 500 91-93.
923 457 926 464 .

19 598 175 672 ratione
201 595 348 675 factum
372 627 395 674 a
421 603 599 702 Pompeio
627 603 804 696 videtum·
822 605 1029 705 propterc'a'
1048 609 1151 708 quod

19 726 90 792 est
116 717 303 814 quaedam
332 723 446 794 animi
475 723 645 796 incitatio
672 729 785 821 atque
824 723 999 800 alacritas
1040 735 1151 803 natu·

18 833 160 908 raliter
185 835 316 908 innata
342 837 542 926 omnibus,
569 859 664 936 quae
691 839 815 912 atudln
840 863 996 941 pugnae
1015 842 1152 916 'incen-

19 949 146 1022 ditur.
171 950 279 1023 Hanc
306 975 380 1024 non
398 953 629 1051 reprimere,
655 953 732 1025 aed*
746 978 882 1057 augere
897 957 1170 1056 imperatores·

21 1063 195 1152 debent,
217 1083 343 1162 ‘neque
366 1065 509 1140 trustra
533 1069 741 1166 antiquitus
768 1070 984 1144 institutum
1012 1079 1089 1162 est,
1111 1079 1173 1146 ut

20 1180 137 1277 signa
177 1180 341 1278 undique
381 1183 638 1257 concinerent·
665 1183 943 1284 clamoremque
984 1185 1152 1260 uniuersi

20 1294 228 1385 tollerent,
255 1297 391 1393 quibus
417 1298 530 1372 rebus
557 1305 596 1372 et
623 1299 752 1374 hostes
774 1301 907 1374 terreri
930 1305 972 1375 et
992 1324 1079 1375 suos
1097 1303 1153 1376 in·

22 1411 144 1484 citari
168 1411 492 1488 existimaverunt.
976 1423 980 1431 '
1150 1477 1153 1484 .

80 1530 142 1624 93.
169 1530 242 1603 Sed
270 1534 386 1607 nostri
414 1531 572 1617 milites,
599 1531 689 1606 dato
711 1533 841 1632 signo,
859 1555 976 1631 quum
1008 1531 1152 1606 infestis

20 1645 114 1748 pilis
147 1651 475 1745 procucurrissent
514 1655 628 1746 atque
668 1650 1041 1752 animadvertissent,
1077 1676 1152 1723 non
1257 1655 1259 1658 ’

20 1765 209 1844 concurri¹
233 1791 254 1837 a
280 1766 534 1865 Pompeianis:
561 1790 631 1839 usu
666 1769 775 1866 periti
817 1793 861 1842 au
901 1769 1154 1867 superioribus

25 1881 167 1978 pugnis
192 1881 388 1954 exercitati
417 1906 484 1954 sua
510 1889 642 1978 sponte
670 1906 822 1955 cursum
838 1889 1096 1982 represserunt
1115 1890 1155 1956 et

22 1994 75 2068 ad
106 1992 269 2067 medium
298 1995 373 2068 fere
399 1996 562 2094 spatium
591 1999 862 2088 constiterunt,
880 2021 927 2070 ne
945 1999 1155 2070 consumtis
1189 1999 1195 2010 “

22 2107 175 2182 viribus
200 2109 562 2210 adpropinquarent;
590 2135 781 2210 parvoque
807 2111 1020 2184 intermisso
1054 2117 1155 2184 tem-

27 2223 138 2321 poris
163 2225 284 2321 spatio
319 2249 364 2297 ac
403 2249 532 2298 rursus
558 2232 740 2298 renovato
769 2249 901 2312 eursu,
940 2223 1015 2322 pila
1041 2225 1155 2296 mise·-

24 2341 126 2410 runt
151 2337 423 2437 celeriterque,
463 2347 507 2414 ut
539 2343 620 2414 emt
656 2344 945 2440 praecepturus
972 2339 1156 2427 Caesare3

26 2449 177 2551 gladios
202 2457 448 2529 strinxerunt.
475 2457 605 2554 Neque
633 2479 722 2528 vero
750 2452 963 2552 Pompeiani
993 2451 1082 2524 huic
1101 2452 1156 2524 rel

13 2567 248 2664 defuerunt.
272 2571 371 2644 Nam
398 2578 439 2646 at
459 2571 540 2645 tela
565 2573 677 2644 missa
702 2575 953 2670 exceperunt,
987 2573 1025 2642 et
1050 2570 1156 2668 inpe·
1225 2619 1227 2624 ·

29 2694 121 2760 turn
146 2685 334 2788 legionum
361 2689 532 2764 tulerunt
557 2694 597 2761 et
620 2687 768 2760 ordines
803 2693 1157 2775 conservaverunt,

29 2797 192 2896 pilisque
219 2803 363 2886 missis,
390 2804 436 2876 ad
463 2801 604 2903 gladios
632 2801 833 2874 redierunt.
886 2799 1031 2872 Eodem
1059 2805 1160 2872 tem-

29 2941 127 3016 pore
155 2919 297 3015 equites
323 2919 371 2992 ab
398 2921 548 2992 sinistro
574 2920 739 3017 Pompeii
768 2941 907 3006 cornu,
925 2924 970 2990 ut
988 2923 1070 2992 erat
1090 2922 1160 2990 irn-
1187 3000 1191 3009 ¹

30 3037 418 3132 peratum,·universi
446 3041 766 3135 procucurrerunt
801 3036 997 3132 omnisque
1032 3035 1161 3110 multi-

31 3149 133 3223 tudo
159 3153 439 3252 sagittariorum
480 3176 518 3224 se
559 3150 751 3250 proludit,
791 3161 955 3248 quorurn
989 3153 1172 3264 inpetum⁸

31 3272 385 3370 nosterequitatus
411 3295 487 3343 non
512 3269 623 3358 tulit,
648 3269 713 3342 sed
741 3267 906 3368 paullum
925 3268 1008 3340 loco
1034 3278 1162 3343 motus

34 3385 172 3472 cessit;
199 3387 416 3485 equitesque
444 3386 659 3484 Pompeiani
688 3387 758 3460 hoc
787 3385 908 3458 acrius
947 3385 1084 3458 instare
1124 3393 1163 3459 et

33 3527 74 3577 se
101 3506 301 3577 turmatim
330 3505 515 3603 explicare
542 3502 735 3598 aciemque
778 3509 945 3576 nostram
966 3528 1008 3580 ,a
1040 3501 1161 3576 latere

34 3629 173 3724 aperto
201 3623 358 3696 circuire
377 3626 593 3720 coeperunt.
625 3618 736 3712 Quod
756 3619 818 3694 ubi
839 3622 976 3696 Caesar
994 3624 1165 3734 animum

72 3913 179 3966 ὺυιαὶα.
209 3913 262 3967 vid.
292 3913 404 3966 omnino
433 3911 492 3966 lud.
529 3913 572 3965 Μ.
641 3913 675 3965 ad
691 3911 754 3968 sall.
767 3913 797 3965 in
808 3912 936 3968 addendis
949 3912 983 3966 ad
1002 3913 1093 3982 fragm.
1110 3911 1166 3974 Vl,
1190 3959 1193 3962 .

38 3981 156 4047 Magnas
185 3979 231 4034 hie
245 3979 397 4034 ‘Brutleius
427 3980 574 4048 tragoedias
644 3987 683 4033 ιδ.
702 3979 804 4052 obponi
825 3983 922 4034 statuit
938 3979 1045 4035 aliunde
1067 3979 1168 4035 inlatis.

37 4051 163 4107 excitat,
188 4057 259 4100 ratus
283 4047 389 4101 adverb.
417 4049 575 4099 naturaliter
683 4064 692 4092 i

37 4119 121 4170 castis
150 4113 254 4168 Latinis
281 4115 388 4170 auribus
412 4116 574 4168 inauditum.
673 4108 798 4156 eomm-
816 4101 872 4156 Alli
891 4103 1000 4154 mni·

39 4183 80 4303 {⁴⁰⁰
97 4183 251 4302 &52:3¹
266 4181 371 4311 ¹⁸:¹²3?
384 4182 485 4304 (πὺξ
498 4183 574 4310 ,6Ῑὲῑο
674 4225 720 4258 uru
734 4209 821 4276 periti.
838 4207 882 4262 Sic
899 4215 927 4259 et
943 4201 1076 4256 Phaedrus
1093 4197 1121 4262 3,
1142 4185 1168 4251 3.

40 4317 115 4371 Plio.
145 4335 170 4366 ιι
188 4355 195 4376 ,
219 4327 251 4381 47
269 4327 296 4370 ct
313 4329 366 4382 24,
392 4325 431 4371 25.
451 4317 575 4371 Plaonaa-
675 4332 707 4366 ne
723 4318 861 4366 consumtis
879 4341 912 4353 -
929 4311 976 4364 alil
993 4322 1022 4360 ut
1038 4327 1104 4371 non,
1122 4305 1170 4360 alii

40 4403 120 4438 mum
142 4393 229 4438 autem
255 4386 284 4436 iu
305 4387 462 4438 naturaliter
483 4390 575 4438 innata
642 4393 671 4434 ut
696 4400 736 4434 ne.
762 4384 851 4436 forsan
879 4387 956 4435 mre.
983 4378 1028 4434 Sic
1050 4385 1077 4430 et
1104 4373 1170 4427 alibi

43 4452 102 4506 iure
136 4451 314 4522 reprehendit.
342 4455 447 4506 Frustra
476 4453 575 4507 watra
640 4451 745 4506 Cacsar.
1149 4459 1153 4477 '

151 4549 309 4625 CAESAR.
337 4551 531 4626 Commeat.
558 4551 665 4652 Tum.
693 4551 721 4621 Ι.
887 4542 1018 4620 Bbbb
