2986 5268
306 303 402 396 ³72
672 305 727 364 nu
764 305 899 366 nunno
936 307 1057 370 cam..

304 502 439 580 nacula
458 503 735 604 obpressusput
753 506 904 580 meridie
922 507 1208 604 conquieverat,
1225 508 1398 606 superiore
1454 489 1455 494 ¹

305 623 472 721 corporis
498 629 603 722 parte
630 623 796 714 nudata,
836 623 1034 698 vulnerato
1060 649 1179 724 equo,
1220 629 1283 698 vix
1306 649 1341 700 se
1363 649 1401 698 ex
1455 606 1456 642 ³

305 735 477 808 manibus
504 736 762 834 praedantium
791 739 953 814 militum
982 742 1154 839 eriperet.
1456 831 1457 840 ἵ

356 871 418 948 47.
445 853 677 928 Consecutus
694 855 758 944 id,
777 853 876 954 quod
895 859 1020 930 animo
1040 863 1303 958 proposuerat,
1324 857 1404 930 Cae·
1456 847 1457 850 ¹

306 996 366 1045 sar
383 973 549 1070 receptui
570 973 652 1045 caui
672 973 780 1046 iussit
797 971 1025 1071 legionisque
1041 973 1225 1058 decimae,
1245 999 1314 1071 qua
1336 979 1404 1044 turn
1457 1003 1458 1006 ¹

306 1095 389 1162 erat
418 1090 643 1177 comitatus,
668 1090 772 1188 sigua
789 1091 1002 1164 constitere.
1037 1095 1089 1164 At
1111 1089 1334 1187 reliquarum
1350 1090 1406 1160 mi·

305 1201 390 1278 lites
416 1203 626 1304 legionum,
651 1228 726 1276 noa
752 1202 929 1278 exaudito
956 1203 1069 1278 tubae
1088 1201 1312 1302 sono‚quod
1330 1203 1404 1274 satis

310 1343 447 1418 magua
467 1317 581 1390 valles
606 1316 885 1408 intercedebat,
909 1323 1036 1392 tamen
1068 1320 1114 1392 ab
1139 1320 1313 1394 Tribunis
1334 1316 1412 1388 mili·

261 1537 264 1542 .
307 1438 393 1504 tum
411 1431 651 1532 legatisque,
672 1439 714 1504 ut
732 1437 813 1505 erat
833 1458 854 1505 a
873 1433 1028 1506 Caesare
1049 1441 1318 1533 praeceptum,
1338 1431 1411 1502 reti·

310 1547 522 1618 nebautur:
549 1545 640 1634 sed,
666 1545 753 1620 elati
781 1571 845 1646 spe
864 1545 994 1620 celeris
1009 1548 1189 1621 victoriae
1209 1553 1249 1620 et
1264 1545 1412 1618 hostiurn

310 1664 402 1764 fuga
428 1664 734 1761 superiorumque
760 1671 976 1763 temporum
1001 1663 1172 1736 secundis
1190 1661 1354 1761 proeliis,
1371 1660 1413 1730 ni·

309 1777 364 1850 hil
392 1776 484 1850 adeo
511 1775 671 1850 arduum
689 1778 757 1850 sibi
776 1779 1062 1868 existimabant,
1080 1776 1181 1877 quod
1199 1801 1274 1850 non
1289 1777 1414 1848 virtute

310 1895 487 1992 consequi
514 1899 684 1994 posseut3
712 1917 831 1991 neque
857 1895 959 1994 prius
984 1895 1095 1968 finem
1122 1891 1300 1994 sequendi
1327 1892 1413 1964 lece-

309 2015 422 2104 runt,
449 2033 561 2106 quam
585 2033 694 2082 muro
716 2009 839 2108 oppidi
860 2011 1048 2108 portisque
1072 2009 1412 2107 adpropinquarent.

313 2129 412 2200 Tum
439 2150 529 2200 vero
558 2149 604 2198 ex
631 2126 802 2200 omnibus
830 2127 930 2200 urbis
951 2127 1117 2226 partibus
1143 2132 1228 2199 orto
1247 2125 1416 2207 clamore,

315 2242 379 2339 qui
406 2240 551 2341 longius
587 2241 766 2329 aberant,
801 2245 995 2340 repentino
1023 2240 1190 2314 tumultu
1217 2237 1413 2336 perterriti,

314 2379 430 2454 quum
451 2357 598 2431 bostem
624 2357 721 2430 intra
741 2363 867 2456 portas
886 2381 963 2428 esse
982 2357 1260 2444 existimarent,
1287 2373 1360 2426 sese
1376 2370 1414 2420 er

317 2475 452 2574 oppido
478 2475 679 2548 eiecerunt.
722 2477 862 2546 Matres
889 2470 1049 2544 familiae
1077 2471 1121 2542 de
1149 2491 1259 2542 muro
1286 2475 1414 2540 vestem

318 2597 588 2690 argentumque
607 2591 800 2664 iactabant
814 2595 871 2679 et,
893 2589 1055 2686 pectoris
1068 2588 1139 2660 fine
1160 2588 1418 2687 prominentes,

319 2707 434 2803 passis
461 2706 631 2778 manibus
658 2705 943 2778 obtestabantur
961 2703 1169 2791 Romanos,
1189 2709 1231 2774 ut
1257 2701 1324 2774 sibi
1343 2720 1419 2798 par-

320 2828 467 2911 cerent,
493 2845 597 2910 nen,
622 2821 720 2892 sicut
745 2822 891 2894 Avarici
921 2819 1118 2910 fecissent,
1145 2845 1190 2892 ne
1217 2817 1421 2892 mulieribus

321 2939 471 3036 quidem
498 2946 610 3037 atque
636 2938 852 3012 infantibus.
879 2937 1119 3011 abstinerent.
1145 2931 1421 3026 Nonnullae,de

354 3172 439 3226 asper.
450 3173 495 3206 cor
513 3191 519 3204 .
529 3164 599 3223 part.
611 3153 719 3214 madore,
737 3151 843 3205 tlrorace

323 3221 452 3292 deposito.
470 3173 632 3274 llbtomarm.

355 3309 407 3359 qun
432 3303 484 3341 rum
508 3301 565 3340 crat
589 3294 731 3340 comitatus.
789 3283 846 3337 Alii

323 3377 374 3428 qna
398 3377 452 3408 mm
475 3362 651 3416 concionatur,
677 3375 741 3426 quae
766 3352 845 3406 lectio

323 3436 364 3478 est
383 3423 548 3493 perabsurda·
596 3426 708 3476 Sensum
726 3421 779 3474 cius
797 3421 844 3472 Gr.

323 3491 496 3562 metaphrasis
540 3493 576 3544 sic
619 3490 768 3560 expressit:
812 3488 847 3536 nd

323 3575 401 3632 queam
416 3563 556 3611 coercionem
573 3559 705 3610 babuerat.
735 3553 800 3612 sed,
817 3562 848 3604 nt

324 3629 433 3682 monuit
460 3629 568 3679 Vossius
597 3634 624 3677 et
653 3645 693 3678 res
721 3622 847 3681 declarat,

326 3706 380 3748 turn
400 3715 453 3748 nou
472 3695 522 3746 brit
540 3705 642 3763 tempus
659 3687 846 3748 concionandi,

324 3783 373 3816 nec
387 3763 485 3815 elicitur
496 3762 607 3826 Latine,
618 3778 671 3812 erem
682 3759 774 3828 popula
790 3773 849 3804 con·

240 3879 245 3890 .
323 3835 435 3890 acuar-i,
453 3847 514 3900 pro,
530 3829 683 3880 concionem
700 3823 794 3875 habere
813 3821 847 3872 erl

325 3917 360 3968 po
373 3897 465 3950 sulum.
499 3895 582 3962 Igitur
603 3893 686 3965 probo
708 3891 849 3948 Vossium,

325 3917 488 4028 cellarium,
516 3963 599 4022 ulios,
629 3961 695 4031 qui,
724 3958 850 4037 quonium

326 4033 396 4084 nihil
414 4031 505 4082 melius
531 4029 640 4098 reperiri
663 4035 763 4098 potuit,
783 4023 851 4092 Gry-

327 4099 454 4172 plrianam
472 4093 615 4150 editionem
632 4095 714 4146 secuti
731 4101 807 4150 suut,
823 4093 849 4140 iu

328 4181 376 4236 qua
389 4165 497 4232 legitur,
507 4183 558 4233 qna
570 4175 622 4212 tem
635 4165 850 4216 marcomirum,

327 4231 512 4311 nrrrlecumquc
545 4229 650 4282 demum
680 4227 744 4280 lrscc
773 4227 851 4277 lectio

328 4301 443 4352 fluxerit.
462 4300 506 4350 sic
523 4295 606 4365 legio,
619 4297 756 4348 Caesarem
775 4292 853 4346 couri·

328 4375 402 4426 teus,
420 4364 591 4434 dbtiugasitur
607 4379 623 4416 ι
639 4364 743 4422 muris,
757 4377 852 4429 magus

911 3171 924 3204 s
945 3151 998 3203 etio
1015 3150 1130 3202 remotis.
1164 3147 1201 3200 Et
1216 3149 1255 3200 sic
1272 3147 1364 3200 diserte
1380 3137 1422 3192 lul.

912 3169 1003 3272 (litem
1021 3233 1078 3287 pag.
1101 3225 1146 3281 ¹4²
1169 3213 1307 3268 describit:
1325 3212 1423 3264 substitit

913 3287 981 3353 legio
987 3325 994 3348 ,
1011 3303 1077 3355 quae
1091 3286 1238 3352 propinqua
1263 3293 1333 3336 erat:
1350 3279 1424 3329 altem

913 3371 974 3403 vero
990 3355 1115 3404 rernote'or·
1133 3379 1166 3390 -
1187 3371 1228 3400 ·=·.
1250 3349 1290 3399 M.
1313 3349 1425 3402 Smertai!

913 3420 1052 3473 lectionem
1074 3419 1167 3488 recepi.

947 3503 984 3555 At
1001 3503 1075 3570 reliq.
1094 3499 1149 3552 Alii
1167 3497 1213 3550 Ac.

932 3581 1036 3660 trauca.
1063 3579 1119 3632 Alii
1137 3578 1220 3630 vallis.
1239 3585 1374 3648 utmmqm
1389 3567 1425 3622 dl·

914 3659 992 3702 cetur.

949 3729 1196 3797 arlpropr'nquarerrt.
1228 3721 1285 3775 Atii
1300 3719 1426 3790 adpropin-

915 3808 1036 3864 quarunt.

950 3875 1050 3924 Marres
1059 3873 1192 3945 sanatae:
1217 3869 1263 3923 Sic
1279 3867 1353 3921 codd.
1380 3859 1427 3914 Alii

912 3941 1037 4014 samem.

948 4023 1057 4089 pastoris
1066 4017 1137 4091 fine,
1169 4025 1271 4088 pertore
1290 4025 1370 4066 tenus.
1386 4009 1426 4060 ue·

917 4089 989 4166 cepit
1006 4085 1053 4138 lror.
1065 4106 1078 4137 c
1090 4083 1194 4137 duobus
1212 4083 1288 4136 MSS.
1306 4090 1332 4132 et
1348 4093 1427 4130 exem·

919 4155 971 4226 plrs
989 4153 1131 4206 illustravit
1145 4152 1214 4205 (bul.
1232 4149 1325 4218 Vulgo,
1338 4157 1427 4214 pectore

919 4223 994 4273 nudo.
1012 4222 1050 4270 M·
1068 4221 1126 4272 Al'r.
1144 4239 1166 4274 c.
1185 4223 1225 4271 85.
1249 4215 1355 4268 ernbtticr'
1367 4211 1426 4281 sint·

919 4289 982 4344 Sall.
1002 4289 1033 4340 ll.
1054 4289 1143 4354 lraqm.
1164 4287 1180 4338 l.
1198 4283 1425 4356 tfineiaguiusuu·

953 4375 984 4408 nc
1000 4357 1061 4410 mel.
1078 4359 1187 4426 quidem.
1199 4353 1253 4406 Alit
1269 4371 1300 4405 rre
1311 4368 1327 4400 a
1338 4347 1394 4400 rnul.
1405 4360 1425 4408 q·
