3060 5276
380 332 543 426 sinn.
580 365 671 424 cnr.
710 331 886 450 34-36.

1098 331 1192 462 467

58 561 214 639 milites
231 565 275 638 iis
295 565 404 640 rebus
421 567 663 668 indigebant,
689 593 784 666 quae
803 569 850 642 ad
868 570 1189 672 obpugnationem

59 691 288 758 castrorum
315 691 422 758 erant
449 687 543 759 usui.
595 689 726 784 ltaque
761 685 876 758 Curio
911 690 1120 762 exercitum
1152 693 1193 764 in

60 807 200 874 castra
228 800 400 892 reducit,
432 802 508 874 suis
534 805 706 876 omnibus
732 811 881 902 praeter
906 805 1065 880 Fabium
1091 809 1197 882 inco·

57 911 258 1004 lumibus,
276 939 323 988 ex
342 939 499 1000 numero
517 916 818 992 adversariorum
836 919 987 992 circiter
1004 924 1190 996 sexcentis

58 1031 282 1108 interfectis
310 1057 354 1106 ac
382 1031 469 1106 mile
497 1032 724 1106 vulneratis:
752 1037 816 1134 qui
844 1060 999 1127 omnes,
1024 1037 1188 1112 discessu

60 1145 268 1234 Curionis,
312 1146 496 1244 multique
539 1155 760 1246 praeterea,
806 1173 873 1248 per
912 1147 1193 1224 simulationem

62 1258 300 1349 vulnerum,
332 1285 378 1334 ex
404 1264 536 1335 castris
562 1263 600 1334 in
628 1264 806 1362 oppidum
834 1267 986 1362 propter
1014 1265 1190 1338 timorem

62 1395 151 1444 sese
177 1375 377 1472 recipiunt.
430 1381 514 1468 Qua
544 1403 584 1450 re
619 1381 787 1452 animum
824 1379 1009 1468 adversa,
1044 1380 1182 1468 Varus,

62 1494 110 1562 et
136 1494 279 1562 terrore
306 1493 493 1566 exercitus
520 1496 700 1595 cognito,
725 1495 968 1568 buccinatore
997 1497 1184 1568 incastris

63 1613 109 1678 et
136 1609 266 1705 paucis
285 1607 332 1681 ad
350 1610 512 1707 speciem
538 1611 789 1685 tabernaculis
815 1612 979 1700 relictis,
1007 1611 1051 1684 de
1078 1615 1190 1692 tertia

63 1724 197 1824 vigilia
222 1725 368 1798 silentio
395 1728 605 1800 exercitum
630 1730 669 1800 in
695 1729 872 1828 oppidum
891 1715 1060 1803 'reducit

121 1839 184 1915 36.
217 1845 373 1916 Postero
408 1841 467 1916 die
494 1831 609 1916 Curio
636 1845 787 1916 Uticam
823 1844 990 1916 obsidere
1024 1849 1064 1916 et
1091 1843 1189 1918 vallo

65 1957 364 2030 circummunire
391 1956 566 2030 instituit.
617 1957 710 2030 Erat
739 1959 777 2030 iu
813 1957 948 2055 oppido
981 1941 1185 2031 multiiudo

64 2071 231 2146 insolens
256 2072 341 2146 belli
369 2072 614 2146 diuturnitate
641 2073 737 2144 otii:
777 2073 971 2144 Uticenses
1007 2097 1074 2171 pro
1102 2075 1188 2170 qni·

66 2183 231 2260 busdam
265 2187 432 2260 Caesaris
472 2188 509 2260 in
549 2211 586 2258 se
626 2185 814 2258 beneficiis
851 2185 903 2258 illi
947 2189 1186 2259 amicissimi:

65 2307 279 2374 conventus
311 2301 372 2390 is,
413 2303 476 2398 qui
511 2325 557 2372 ex
584 2303 695 2374 variis
730 2299 928 2399 generibus
969 2306 1182 2372 constaret:
1275 2327 1278 2335 ⁴

64 2419 192 2486 terror
226 2438 273 2488 ex
307 2416 558 2513 superioribus
584 2414 730 2516 proeliis
757 2436 925 2514 magnus.
979 2416 1110 2516 ltaque
1138 2415 1183 2486 de

67 2529 257 2603 deditione
284 2555 413 2604 omnes
437 2531 560 2630 palam
579 2531 831 2630 loquebantur
849 2525 887 2605 et
905 2555 994 2604 curn
1012 2534 1053 2604 P.
1072 2534 1181 2608 Attio

66 2647 261 2746 agebant,
298 2672 342 2720 ne
376 2673 445 2722 sua
471 2649 676 2747 pertinacia
702 2649 873 2722 omnium
898 2647 1067 2721 fortunas
1101 2673 1185 2746 per·

66 2764 212 2838 turbari
239 2762 362 2836 vellet.
389 2766 492 2836 Haec
520 2788 636 2860 quum
663 2771 892 2864 agerentur,
919 2765 1045 2843 nuncii
1077 2789 1181 2864 prae·

65 2877 170 2950 missi
186 2877 232 2950 ab
250 2879 351 2977 Rege
378 2879 469 2950 luba
488 2885 695 2968 venerunt,
720 2881 783 2976 qui
803 2878 908 2952 illum
926 2904 1014 2952 com
1033 2880 1180 2980 magnis

66 2997 183 3095 copiis
209 2995 334 3096 adesse
361 2995 527 3068 dicerent
561 3003 599 3068 et
627 2995 671 3068 de
700 2996 869 3070 custodia
896 3021 940 3070 ac
968 2997 1182 3068 defensione

66 3113 170 3186 urbis
195 3112 463 3186 hortarentur:
491 3135 586 3211 quae
612 3137 670 3184 res
696 3136 826 3190 eorum
853 3113 1070 3213 perterritos
1105 3115 1184 3184 ani-

65 3255 149 3304 mos
175 3229 425 3306 confirmavit.

688 3536 884 3651 cirwngmunirc.
922 3531 978 3584 Alii
994 3535 1179 3585 cirarmvenire.

655 3605 685 3650 ut
708 3617 730 3666 r,
752 3617 760 3648 r
782 3636 789 3650 .

101 3553 166 3604 quac
188 3535 223 3586 ad
247 3535 305 3605 obp.
349 3532 472 3586 Clarlcius
494 3552 508 3585 c
529 3531 587 3588 cod.

65 3604 146 3670 Regio
158 3602 232 3654 addit
244 3621 298 3661 res,
310 3610 340 3653 ut
350 3601 417 3654 solet
428 3609 526 3654 noster.
544 3601 589 3654 Sic

65 3671 190 3741 repetitur
205 3669 268 3722 locis
285 3687 342 3739 cap.
361 3679 402 3734 [μ.

99 3887 129 3920 ac
143 3869 201 3919 mile
218 3866 366 3919 vrrlnsratr's.
394 3865 511 3918 Verbum
526 3866 587 3918 mile

64 3935 179 3992 Ursinus
196 3957 210 3988 e
228 3935 314 3988 codice
333 3934 462 3986 restituit:
481 3936 510 3988 in
527 3933 586 3986 aliis

64 4001 142 4056 codd.
160 4002 201 4055 vel
218 4002 305 4064 deest,
323 4001 363 4052 vel
381 4001 409 4054 in
427 4019 479 4053 uno
503 4021 534 4052 ac
555 4017 586 4051 co

64 4071 133 4121 vido.
145 4069 247 4147 legitur,
260 4071 329 4122 utin
341 4069 400 4121 aliis
412 4087 498 4120 rursus
509 4081 548 4118 ou
556 4087 586 4120 ue

64 4139 133 4188 vnln.
150 4137 314 4198 Craccouius‚
327 4146 354 4188 et
389 4145 431 4190 ost
447 4134 515 4188 hunc
559 4154 587 4187 a·

64 4205 157 4266 visius,
167 4205 221 4255 iam
233 4205 347 4264 monuit,
361 4155 514 4274 prianum
526 4201 584 4255 Cir.

65 4288 96 4333 2,
115 4282 153 4338 44.
171 4291 197 4343 p.
216 4275 273 4334 455.
291 4271 401 4331 undere,
418 4279 585 4323 scnoerrtose

66 4339 128 4390 Vari
156 4339 271 4391 exercitu
299 4339 427 4408 periisse,
456 4337 585 4407 multoque

62 4407 147 4476 plin-cs
163 4404 314 4460 vulneratos
332 4423 394 4458 esse.
412 4405 452 4455 M.

688 3726 841 3774 arraicissimr'.
859 3721 942 3774 Codd.
961 3722 1070 3792 quidam
1081 3730 1108 3775 et
1120 3721 1180 3777 edd.

654 3800 719 3844 vett.
738 3788 840 3876 addunt
857 3803 941 3840 erant.

687 3902 829 3945 coriventus.
847 3889 889 3942 Cf.
907 3889 965 3941 lud.
983 3891 1026 3944 M·
1066 3894 1069 3912 '

685 3999 783 4068 palam.
832 3995 932 4050 Mirum
955 4005 1010 4059 est,
1036 3997 1064 4050 in
1088 3996 1179 4050 multis

654 4065 730 4120 codd.
750 4083 803 4116 non
822 4066 945 4144 pessimis
967 4069 993 4114 in
1008 4064 1098 4132 palam
1115 4063 1179 4132 legi,

654 4133 726 4204 quod
744 4131 865 4183 Davisius
893 4131 1034 4200 exemplis,
1052 4131 1097 4182 sed
1115 4131 1181 4182 ulti·

653 4219 709 4253 mae
735 4199 890 4258 latinitatis,
914 4207 941 4250 et
966 4197 1083 4266 analogia
1106 4197 1179 4250 verbi

652 4274 756 4335 insuper
774 4265 907 4326 defendit.
920 4266 961 4318 cui
976 4264 1179 4343 Oudendorpius

654 4336 741 4400 initi,
769 4337 902 4398 incorum,
931 4331 1035 4382 r'nsimul
1067 4332 1177 4384 nrldrrlit.

653 4402 762 4455 Vossius
775 4399 849 4452 nrulti
860 4405 912 4453 iarn
921 4401 1011 4471 paulam
1021 4397 1124 4454 maluit.
1136 4399 1178 4454 M.
