2986 5268
323 379 404 440 mn.
438 379 509 446 vn.
544 379 636 438 cre.
673 359 850 474 earet.
1063 341 1151 452 153

63 602 126 670 tum
158 581 205 656 ad
239 579 429 654 utilitatem
469 593 503 654 et
528 577 765 674 defensionem
791 574 932 656 urbium
976 599 1155 650 summam

62 705 152 778 tabet
185 699 509 797 obportuuitatem:
549 695 644 794 quod
678 709 712 774 tt
746 695 790 772 ab
814 693 978 768 incendio
1004 695 1095 791 lupis
1121 708 1156 768 et

61 817 98 892 ub
120 818 223 894 ariete
247 817 398 892 materia
422 809 607 914 defendit,
644 835 763 908 quae,
793 813 973 908 perpetus
998 809 1155 880 trabibus

60 931 152 1030 pedes
206 928 454 1028 quadragenos
493 927 704 1023 plerumque
752 930 930 1004 introrsus
973 928 1158 1021 revincta,

59 1070 157 1146 neque
178 1047 391 1140 perrumpi,
417 1067 530 1141 reque
553 1039 711 1118 distrahi
732 1053 858 1137 potest,

105 1165 159 1246 24,
184 1161 231 1238 lis
254 1165 315 1232 tot
347 1157 458 1230 rebus
488 1156 653 1256 inpedita
685 1154 983 1254 obpugnatione,
1001 1154 1157 1242 milites,

60 1298 164 1370 quum
182 1279 266 1348 toto
285 1280 452 1372 tempore
470 1271 567 1363 luto,
588 1271 723 1372 frigore
741 1275 779 1356 et
796 1268 957 1346 adsiduis
975 1270 1158 1352 imbribus

59 1391 295 1474 tardarentur,
314 1395 441 1474 tamen
461 1389 669 1462 continenti
687 1387 816 1460 labore
834 1387 959 1464 omnia
977 1387 1069 1468 haec
1099 1413 1159 1462 ευ-Ι

59 1511 272 1599 peraverunt
302 1509 341 1580 et
373 1503 501 1578 diebus
532 1505 636 1580 XXV
667 1526 865 1602 aggerem,
895 1501 1014 1580 latum
1046 1503 1159 1601 pedes

59 1617 261 1710 CCCXXX,
278 1617 401 1696 altum
421 1617 532 1716 pedes
550 1617 710 1708 LXXX,
736 1622 1013 1702 exstruxerunt.
1033 1619 1162 1708 Quum
1207 1689 1210 1697 A

58 1729 85 1805 is
104 1755 250 1812 murum
282 1731 445 1814 hostium
464 1755 579 1830 paene
596 1733 853 1832 contingeret,
882 1736 920 1816 et
949 1731 1085 1816 Caesar
1112 1732 1161 1806 ad

59 1845 417 1940 opusconsuetudine
431 1845 636 1932 excubaret
650 1845 859 1954 militesque
878 1845 1161 1938 cohortaretur,
1255 1899 1259 1908 ·
1334 1827 1338 1834 ’

60 1984 98 2042 ne
128 1959 226 2059 quod
251 1963 403 2036 omnino
435 1969 584 2061 tempus
610 1961 657 2034 ab
683 1985 793 2062 opere
825 1963 1163 2040 intermitteretur:

58 2076 173 2172 paullo
191 2084 279 2152 ante
306 2079 458 2168 tertiam
481 2077 643 2178 vigiliam
670 2086 727 2152 est
753 2077 1076 2170 animadversum,
1103 2083 1165 2157 fu·

58 2213 152 2263 mare
171 2217 366 2294 aggerem,
384 2217 497 2290 quem
522 2191 695 2274 cuniculo
722 2193 847 2266 hostes
872 2193 1163 2282 succenderantr

59 2307 255 2406 eodemque
269 2315 437 2408 tempore
468 2315 549 2380 toto
580 2331 689 2382 muro
709 2306 871 2383 clamore
889 2308 1058 2401 sublato,
1076 2311 1166 2388 dua·.
1201 2370 1205 2379 .

60 2423 123 2496 bus
139 2429 257 2525 portis
267 2427 312 2500 ab
330 2425 613 2524 utroquelatere
629 2425 789 2500 turrium
799 2427 945 2523 eruptio
960 2425 1163 2512 fiebatAlii

61 2541 152 2624 taces
186 2551 301 2642 atque
327 2543 468 2618 aridam
495 2542 690 2630 materiem
718 2541 763 2614 de
789 2543 965 2658 murop'n
991 2568 1165 2645 aggerem

60 2661 198 2733 eminus
210 2660 419 2749 iaciebant,
438 2660 557 2758 picem
577 2655 808 2755 reliquasque
825 2683 904 2750 res,
922 2661 1057 2758 quibus
1074 2661 1168 2762 ignis

19 2793 23 2806 ·
59 2780 209 2860 excitari
230 2783 372 2878 potest,
390 2775 621 2864 fundebant3
640 2779 704 2859 ut,
723 2797 799 2870 quo
818 2775 979 2874 primum
999 2801 1169 2852 occurre-

60 2901 175 2995 retur,
194 2901 263 2974 aut
283 2894 343 2972 cui
361 2895 414 2981 rei
440 2891 601 2970 terretur
632 2889 927 2986 auxiliemur
956 2898 1052 2968 ratio
1083 2897 1169 2970 iniri

59 3017 190 3102 posset.
224 3012 391 3102 Tamen,
417 3005 517 3103 quod
534 3004 709 3092 instituto
726 3006 892 3090 Caesaris
910 3006 1005 3082 duae
1024 3033 1170 3107 semper

58 3121 216 3223 legiones
249 3148 317 3224 pro
351 3121 482 3196 castris
515 3121 770 3211 excubabant,
799 3119 994 3219 pluresque
1025 3129 1172 3224 partitis

58 3245 291 3342 temporibus
316 3245 424 3313 erant
441 3239 479 3312 in
499 3257 636 3338 opere,
662 3235 831 3310 celeriter
850 3237 993 3312 factum
1025 3249 1102 3332 est,
1128 3249 1173 3317 ut

59 3355 113 3427 alii
133 3356 395 3457 eruptionibus
409 3354 640 3442 resisterent,
658 3351 719 3424 alii
735 3359 858 3430 turres
875 3352 1096 3432 reducerent
1113 3383 1176 3458 ag·

59 3492 259 3568 geremque
278 3469 606 3558 interscinderent,
621 3465 741 3546 omnis
760 3491 850 3542 vero
867 3492 915 3543 ex
933 3472 1063 3544 castris
1080 3471 1175 3544 mul-

57 3586 180 3676 titudo
201 3586 249 3660 ad
269 3583 573 3694 restinguendum
593 3592 844 3676 concurreret,

89 3801 216 3857 materia,
228 3793 358 3866 ‹pridquid
371 3801 473 3864 praeter
485 3791 586 3864 lapides
651 3789 785 3854 Tractarit
806 3788 893 3846 locum
910 3787 1018 3861 Lipsius
1037 3789 1176 3861 Poliorcet,

58 3861 85 3912 in
103 3883 133 3914 eo
151 3883 230 3916 muro
249 3871 297 3914 cst.
316 3863 353 3911 M.
377 3873 379 3880 ‘
653 3876 683 3918 2,
701 3855 717 3908 3
734 3867 761 3913 et
778 3855 807 3920 3,
824 3863 846 3928 t.
864 3857 907 3909 M.

74 3945 164 4024 ‚P‘dJS
181 3945 375 4024 ‘tua‘lmgfflffl
403 3945 446 3996 ΛΠ
464 3941 512 4002 ¹¹⁰0
529 3942 587 4022 ¹9¹1·
684 3936 762 4023 pidem
783 3955 953 4024 reliquasque.
983 3953 1093 4006 Intmsit
1117 3951 1178 4008 haic

58 4012 207 4076 penderem
232 4011 392 4082 singularum
415 4009 530 4064 trabium
546 4028 588 4062 ln·
654 4023 923 4094 110p0m‚fltt1'qu2m
934 4019 1176 4092 saliga-mutus,

59 4077 147 4130 dicat?
164 4081 205 4128 M.
653 4107 802 4162 perperam·
902 4085 905 4090 Δ
1042 4085 1045 4092 ’

90 4165 215 4212 revincta.
249 4159 307 4219 An,
326 4156 458 4210 revinctis?
481 4157 534 4212 Sed
559 4168 589 4209 ut

59 4229 169 4280 omnino
219 4223 352 4278 uamlibet
380 4225 589 4277 admonitionem

58 4290 174 4346 lilicntcr
197 4245 309 4354 ieram„
326 4293 363 4345 ita
387 4293 416 4344 iu
440 4291 590 4344 huiusmodi

62 4363 216 4425 praesertim
237 4359 294 4413 loco
312 4361 335 4410 si
352 4360 445 4412 erroris
464 4361 537 4411 fuero
554 4377 591 4410 ac·

61 4437 174 4493 russatus,
201 4446 260 4482 non
287 4427 400 4482 mirabor
421 4445 463 4482 me
486 4445 590 4490 enasse,
687 4423 833 4496 pluresque.
851 4421 894 4477 At.
911 4425 1032 4494 ducrum
1050 4421 1090 4474 Μ.

689 4193 868 4250 ominaretur.
911 4181 957 4244 Sic
980 4181 1048 4252 §cat
1073 4179 1140 4234 benc
1163 4200 1177 4233 c

657 4249 746 4304 codice
768 4268 822 4304 suo.
840 4247 924 4319 Vulgo
945 4263 1100 4304 crearentur.
1128 4249 1178 4302 Rc·

656 4317 728 4392 spice
745 4315 779 4370 ad
796 4317 828 4383 3,
847 4327 870 4384 4.

934 4613 962 4648 Ο
