3040 5264
342 459 453 529 trs.
489 467 516 530 ι.
552 466 645 526 css.
683 449 860 553 [po-42.
1099 449 1157 560 47

35 659 282 740 Centuriones
309 673 494 768 egerunt,
533 668 588 740 uti
615 668 761 742 Caesari
794 665 1080 740 satisfacerent:
1123 689 1162 740 se
1190 733 1195 746 ,

35 807 158 882 neque
207 807 373 881 unquam
415 782 602 856 dubitasse
653 807 772 882 neque
806 785 1000 868 timuisse,
1042 806 1163 880 neque

36 902 80 974 de
116 925 266 975 summa
300 897 386 973 belli
425 924 535 972 suum
569 899 780 990 iudicium,
823 899 886 974 sed
921 901 1163 1000 Imperatoris

35 1042 136 1108 csse,
163 1017 449 1092 existimavisse.
488 1019 632 1090 Eorum
658 1017 913 1092 satisfactione
941 1025 1099 1118 accepta
1124 1024 1164 1094 et

34 1137 169 1208 itinere
197 1114 383 1232 exciuisito
411 1157 478 1232 per
504 1135 755 1224 Divitiacum,
791 1135 892 1234 quod
912 1159 959 1210 ex
978 1135 1095 1212 Gallis
1127 1139 1164 1212 ei

34 1249 242 1323 maximam
270 1248 384 1321 fidem
412 1247 593 1336 babebat,
622 1257 665 1322 ut
686 1248 831 1322 milium
860 1250 1020 1351 amplius
1046 1253 1161 1348 quin-

37 1360 218 1462 quaginta
237 1365 398 1437 circuitu
418 1362 509 1436 locis
528 1367 665 1462 apertis
684 1366 894 1438 exercitum
913 1364 1090 1456 duceret,
1117 1364 1163 1438 de

37 1484 174 1574 quarta
200 1478 346 1579 vigilia,
383 1483 426 1552 ut
454 1477 620 1569 dixerat,
652 1473 847 1578 profectus
874 1483 943 1552 est.
989 1481 1160 1579 Septimo

37 1589 94 1662 die
123 1597 242 1688 quum
270 1595 342 1664 iter
367 1615 444 1664 non
471 1594 760 1684 intermitteret,
794 1594 841 1666 ab
862 1592 1162 1692 exploratoribus

39 1707 182 1778 certior
206 1703 332 1778 factus
359 1712 434 1797 est,
464 1707 644 1782 Ariovisti
660 1709 789 1806 copias
808 1733 830 1780 a
848 1709 985 1782 uostris
1010 1707 1164 1782 milibus

38 1841 217 1916 passuum
245 1827 409 1918 quatuor
436 1828 474 1894 et
501 1823 634 1924 viginti
662 1822 802 1896 abesse.

91 1945 157 2027 42.
182 1937 345 2040 Cognito
373 1942 541 2014 Caesaris
570 1941 759 2032 adventu,
786 1939 999 2014 Ariovistus
1017 1935 1163 2036 legatos

39 2050 85 2126 ad
108 2077 197 2126 eum
222 2055 362 2128 mittit:
391 2055 493 2152 quod
507 2063 617 2131 antea
635 2055 680 2129 de
703 2053 903 2152 conloquio
922 2051 1166 2156 postulasset,

39 2170 75 2242 id
100 2195 234 2270 perse
261 2170 340 2246 lieri
367 2170 505 2264 licere,
533 2174 716 2271 quoniam
744 2173 897 2272 propius
923 2171 1164 2255 accessisset,

39 2309 153 2386 seque
178 2287 218 2362 id
244 2290 322 2362 sine
347 2289 516 2388 periculo
542 2291 667 2364 facere
690 2313 795 2388 posse
816 2287 1043 2360 existimare.
1077 2287 1165 2358 Nou

39 2407 184 2506 respuit
209 2407 466 2480 concbtionem
489 2407 647 2480 Caesar:
674 2407 824 2504 iamque
850 2427 939 2477 eum
959 2402 1006 2476 ad
1023 2403 1167 2476 sanita-

39 2532 117 2598 tem
145 2527 285 2600 reverti
312 2525 590 2613 arbitrabatur,
624 2547 742 2623 quum
759 2523 817 2614 id,
845 2521 946 2622 quod
968 2529 1079 2595 antea
1097 2547 1165 2622 pe-

41 2641 136 2712 tenti
167 2639 406 2740 denegasset,
430 2637 532 2712 ultro
549 2639 818 2738 polliceretur3
852 2659 1102 2738 magnamque
1129 2639 1167 2710 in

40 2777 143 2854 spem
172 2756 375 2841 veniebat,
401 2781 471 2855 pro
490 2757 565 2828 suis
579 2757 698 2828 tantis
715 2753 924 2854 Popullque
943 2754 1105 2827 Romani
1124 2755 1164 2827 in
1213 2808 1216 2816 .

39 2893 126 2941 earm
140 2869 534 2972 beneficiis,lcognitis
552 2873 628 2943 suis
646 2869 867 2970 postulatis,
887 2869 985 2959 lore,
1007 2871 1062 2942 uti
1084 2893 1165 2968 per·

40 2983 181 3056 tinacia
208 2983 414 3060 desisteret.
455 2987 542 3060 Dies
570 2984 771 3083 conloquio
799 2985 922 3058 dictus
948 2987 1028 3073 est,
1054 3007 1166 3056 exeo

42 3099 97 3171 die
117 3101 286 3199 quintus.
313 3103 494 3192 Interim,
519 3125 636 3200 quum
664 3127 773 3202 saepe
790 3101 893 3176 ultro
919 3103 1090 3198 citroque
1109 3101 1165 3173 le-

40 3219 116 3314 gati
132 3221 235 3292 inter
251 3241 317 3292 eos
333 3221 601 3304 mitterentur,
629 3219 844 3293 Ariovistus
862 3218 1092 3318 postulavit,
1120 3243 1167 3292 ne

40 3357 152 3431 quem
169 3335 335 3435 peditem
355 3336 402 3410 ad
420 3335 663 3434 conloquium
686 3337 824 3410 Caesar
841 3337 1070 3410 adduceret:
1098 3361 1186 3409 ve-,

39 3455 109 3527 reri
135 3477 195 3546 se,
222 3477 269 3530 ne
286 3477 353 3553 per
371 3453 522 3527 insidias
541 3453 588 3526 ab
607 3477 653 3528 eo
672 3454 1032 3530 circumveniretur:
1060 3462 1166 3529 uter·

41 3661 95 3707 tur:
119 3673 180 3710 acm
212 3651 334 3708 tistunn
361 3673 397 3708 m.
425 3667 451 3707 et
477 3673 521 3724 pr.
546 3671 573 3707 o.
640 3655 762 3726 draginta
780 3673 830 3726 pro
847 3659 1042 3725 quinquaginta.
1057 3655 1099 3706 M.
1119 3651 1173 3708 Da·

40 3721 259 3776 Gemurionibuss
280 3741 347 3794 quae
370 3732 397 3776 et
416 3723 474 3794 ipsa
495 3722 575 3776 lectio
640 3725 723 3776 visius
741 3732 820 3794 putat
836 3721 978 3793 legendum
996 3721 1103 3784 Gallis,
1126 3721 1174 3778 de·

40 3789 211 3844 commodum
228 3809 336 3844 sonsum
354 3787 454 3851 babet,
475 3808 537 3842 nam
640 3789 695 3844 luto
712 3791 780 3844 aliis.
799 3789 875 3842 bene.

40 3855 485 3929 deliberasssrcumducibus,qno
493 3809 574 3912 modi
674 3859 728 3909 mil.
754 3859 864 3926 arnplius
888 3859 968 3927 quinq
1020 3857 1084 3909 insa.
1112 3855 1174 3908 Μι-

42 3921 147 3978 Caesari
159 3926 225 3978 satis
239 3927 364 3978 fluerent.
384 3925 427 3978 M.
447 3925 501 3978 Sed
513 3935 573 3978 tum
641 3925 725 3978 iorem
741 3923 818 3993 louge
836 3943 980 3978 numerum
1016 3921 1077 3976 abet
1095 3925 1174 3980 Gne-

42 3989 179 4060 legcudum
196 3990 323 4064 deinceps
340 3997 379 4044 uti
401 3993 508 4045 Caesari
526 4009 573 4059 pes·
640 4011 694 4046 cus.
714 3989 771 4046 Alii
787 3993 852 4048 daut
870 3991 1054 4062 quadraginta.

41 4060 390 4182 zffffialffimdeam
406 4059 484 4144 codd.
502 4077 572 4112 nou·
674 4061 729 4141 nait.
740 4080 809 4140 poss.
828 4071 942 4142 quantor
952 4061 1094 4180 aegginu'.
1112 4055 1174 4177 Clip-

374 4145 514 4179 nano
640 4145 657 4176 v
762 4146 949 4179 stanno
1024 4144 1150 4178 ranan

42 4197 159 4246 ordinum
178 4143 573 4250 Centurionesiimtpihnriiss
640 4147 726 4247 sceiilii
743 4148 801 4248 vult
827 4147 933 4263 putisque
956 4205 982 4246 et
1003 4197 1114 4278 gigimc',
1142 4201 1174 4248 ut

43 4263 186 4380 primipili,
195 4264 303 4382 primm
313 4265 453 4335 princeps,
468 4265 572 4334 prinus
640 4281 699 4316 sum
721 4261 770 4316 Plo
845 4283 861 4316 ο
881 4281 904 4316 ο.
932 4279 969 4330 ¹9·
993 4261 1089 4314 usses
1110 4279 1174 4315 con·

58 4339 170 4382 astatus.
211 4331 238 4392 Ὶ.
258 4337 290 4394 5,
320 4335 422 4397 3847.
440 4342 467 4386 rt
495 4331 571 4401 Lips.
640 4333 739 4382 veniat.

43 4395 71 4447 de
89 4397 149 4448 mil.
168 4413 203 4458 2,
224 4400 248 4450 8.
578 4427 602 4439 r-
673 4402 832 4450 existimare.
860 4397 906 4452 Sis
933 4393 1005 4449 oud.
1035 4415 1067 4450 ex
1092 4389 1173 4450 codd.

43 4467 142 4582 ,alm
181 4483 216 4516 aa
252 4465 321 4518 aliis.
361 4465 444 4537 Vulgo
480 4475 597 4520 contra·
640 4463 727 4532 Vulgo
739 4471 910 4518 existimaret.
920 4463 1013 4518 Paullo
1024 4473 1087 4518 aute
1100 4463 1171 4516 Ontl.

89 4529 117 4584 d.
128 4531 253 4601 additur,
273 4533 376 4614 Gallis,
392 4543 422 4588 ut
433 4552 496 4588 mos
507 4551 573 4604 quo·
641 4535 721 4588 etiam
737 4534 812 4587 licen
821 4571 832 4600 ,
850 4531 940 4594 bene,
956 4549 1013 4586 uon
1030 4531 1127 4585 liceret.
