3032 5266
370 407 448 464 ma.
483 407 509 465 1.
544 404 636 465 car.
675 372 848 488 38—40.
1065 369 1156 500 395
1236 496 1241 511 Ι

63 602 205 701 pusiam
233 603 362 675 facere,
380 602 648 700 confestimque
683 625 760 677 esse
787 607 1009 676 venturum:
1050 599 1162 676 simul

64 743 85 788 a
109 715 277 788 Tribunis
304 715 465 790 militum
491 719 851 814 Centurionibusque
877 725 1028 790 mutuas
1051 741 1163 816 pecu·

64 833 137 902 nias
154 830 304 929 sumsit:
324 829 391 903 has
408 833 587 904 exercitui
605 831 802 906 distribuit.
830 834 914 924 Quo
934 831 1053 920 facto,
1072 831 1162 903 duas

62 970 117 1018 res
142 951 365 1019 consecutus
395 952 477 1036 est,
516 947 623 1043 quod
656 950 808 1049 pignore
849 947 991 1019 animos
1024 946 1163 1020 Centu·
1219 1007 1225 1018 .

61 1065 203 1135 risuum
230 1062 399 1135 devinxit
423 1070 462 1136 et
486 1061 681 1162 largitione
707 1063 869 1137 redemit
895 1062 1063 1136 militum·
1098 1085 1164 1134 vo·

60 1177 230 1253 luntates.

107 1311 168 1385 40.
192 1292 329 1365 Fabius
353 1292 613 1366 finiturnarum
639 1293 839 1368 civitatum
864 1293 1006 1368 animos
1029 1292 1166 1395 litteris

59 1408 275 1504 nunciisque
300 1407 482 1480 tentabat.
509 1409 552 1478 ln
579 1409 705 1481 Sicore
731 1405 882 1482 flumine
909 1415 1040 1506 pontes
1074 1407 1164 1480 effe·

62 1526 163 1596 uerat
181 1519 294 1609 duos,
312 1521 408 1592 iuter
425 1544 462 1594 se
482 1517 660 1594 distantes
680 1521 780 1594 milia
798 1545 972 1619 passuum
991 1528 1165 1619 quatuor.

60 1636 125 1708 llis
151 1637 330 1735 pontibus
356 1635 576 1734 pabulatum
602 1638 802 1725 mittebat;
841 1639 941 1736 quod
974 1663 1038 1728 ea,
1056 1663 1167 1737 ,quae

62 1750 152 1823 citra
177 1748 318 1824 flumen
344 1751 509 1841 fueraut,
536 1753 786 1851 superioribus
822 1752 952 1824 diebus
986 1775 1168 1824 cousum-

62 1875 171 1942 serat.
195 1869 280 1942 Hoc
306 1867 405 1940 idem
432 1867 526 1951 lere,
546 1877 658 1966 atque
677 1868 806 1942 eadem
825 1868 870 1941 de
890 1891 1041 1958 caussa,
1058 1870 1169 1940 Potn-

61 1987 179 2085 peiani
207 1986 393 2058 exercitus
418 1987 541 2058 Duces
567 1985 776 2074 faciebant,
791 1984 995 2083 crebroque
1014 1987 1169 2060 inter-se

63 2104 294 2202 equestribus
318 2101 465 2202 proeliis
491 2099 778 2174 contendebant.
804 2101 888 2172 lluc
911 2126 1030 2198 quum
1047 2103 1171 2199 quoti·

63 2219 169 2294 diana
195 2219 464 2296 cousuetudine
491 2241 706 2316 congressae
738 2213 1020 2314 pabulatoribus
1056 2244 1169 2318 prae-

62 2338 151 2412 sidio
177 2339 332 2439 proprio
352 2335 518 2434 legiones
543 2333 727 2404 Fabianae
755 2330 849 2404 duae
887 2329 1026 2408 flumen
1065 2340 1171 2410 tran·
1215 2359 1219 2367 ·

62 2453 213 2542 sissent,
240 2449 563 2549 iupedimentaque
590 2453 627 2520 et
652 2447 780 2524 omnis,
797 2447 983 2543 equitatus
1002 2473 1171 2547 sequere-

60 2571 140 2639 tur:
168 2565 296 2640 subito
324 2564 363 2636 vi
390 2569 588 2636 ventorum
609 2568 647 2634 et
665 2585 781 2658 aquae
799 2561 1055 2660 magnitudine
1074 2587 1169 2662 pons

61 2687 116 2752 est
140 2681 376 2777 interruptus
401 2673 607 2771 etreliqua
632 2673 836 2746 multitudo
861 2676 1030 2771 equitum
1056 2676 1172 2748 inter·
1277 2735 1280 2742 .

60 2792 173 2866 elusa.
200 2796 288 2885 Quo
314 2792 465 2889 cognito
491 2815 514 2860 a
540 2789 684 2862 Petreio
711 2795 750 2861 et
776 2786 930 2860 Afranio
955 2811 1001 2860 ex
1036 2809 1171 2887 aggere

59 2915 171 3008 atque
199 2908 391 2996 cratibus,
417 2929 511 3002 quae
538 2901 690 3004 flumine
719 2904 960 2992 ferebantur,
983 2903 1174 2982 celeriter

60 3051 125 3100 suu
152 3033 271 3128 ponte
298 3023 497 3110 Afranius,
524 3044 636 3116 quem
663 3019 800 3118 oppido
839 3022 1043 3118 castrisque
1084 3047 1172 3095 con-

57 3139 237 3215 iunctum
262 3137 450 3225 habebat,
483 3133 646 3232 legiones
685 3139 847 3228 quatuor
886 3135 1172 3233 equitatumque

59 3277 210 3328 omnem
239 3251 431 3326 transiecit
454 3249 670 3346 duabusque
687 3247 859 3320 Fabianis
877 3251 1042 3320 occurrit
1059 3248 1173 3348 legio·

85 3564 209 3678 fld'm·
235 3552 291 3610 Alli
304 3557 416 3626 Flam·
433 3553 585 3624 Ulfflmqut
651 3567 704 3630 quo
721 3566 774 3604 nou
787 3557 828 3602 est
842 3567 916 3619 opus.
934 3549 1050 3602 lucinius
1066 3547 1172 3604 volebat

57 3643 87 3679 ’Β
99 3637 136 3680 θῑ·
648 3635 773 3690 ptumum,
792 3617 897 3668 frustra.

87 3721 363 3790 Ηαθ-ωηὸηπαθ,
380 3735 447 3788 qm
464 3715 515 3769 huc
532 3717 586 3768 ive·
685 3685 767 3734 subito
784 3689 807 3734 vi
824 3696 964 3734 ventw‘um.
998 3681 1039 3734 lta
1055 3681 1172 3735 scribon.

55 3799 124 3842 raut-
142 3789 186 3843 Ut
197 3805 342 3839 commeare
353 3785 440 3854 aliquo
453 3793 507 3846 est,
518 3785 586 3834 adiri
652 3751 924 3870 {lffimwnl‘cff‘hfibsg
935 3749 1006 3866 {mil
1024 3769 1172 3868 ἀῐθῐῖθῑῖῑι·

112 3875 171 3907 uem
188 3855 286 3905 locum:
310 3854 347 3906 sic
363 3853 482 3920 corgredi
498 3851 587 3918 aliquo
742 3837 819 3888 ’‘lu‘’
875 3837 889 3868 ⁸¹
924 3835 942 3866 ¹¹
974 3833 987 3868 θ
1044 3837 1084 3868 d
1112 3837 1171 3868 er.

55 3857 148 3976 ddllem
167 3921 252 3976 modo
269 3921 321 3974 dici
340 3921 433 3988 potuit
459 3919 497 3968 M.
515 3916 586 3969 Male
652 3893 716 3938 vm·
730 3883 1001 3956 ¹9⁸²C⁸⁸⁵³⁵⁰¹⁸⁰q¹
1017 3891 1173 3952 “mimte

55 3991 152 4058 scalig.
181 4006 276 4040 vocem
299 4003 448 4102 οοηῆζοιςαε
472 3983 586 4036 deletam
652 3954 828 4070 inff‘ffiffig
843 3951 998 4096 {lticffifiwo
1023 4015 1090 4068 nm
1106 4013 1174 4066 sals·

54 4060 138 4130 cupit.
157 4055 193 4106 Li
216 4055 273 4107 situ
286 4053 351 4104 mule
372 4061 400 4104 at
411 4052 466 4103 lanc.
479 4069 532 4104 non
547 4058 587 4104 est
1000 4051 1006 4065 ¹

53 4142 170 4177 neccsse.
191 4075 309 4174 lluiuius
326 4119 402 4172 malit
418 4137 541 4190 egressae.
653 4094 774 4223 affin
797 4093 861 4138 ’ω
883 4083 1021 4137 Cffi⁰⁰⁰¹¹¹⁰
1044 4092 1071 4134 εἰ
1090 4081 1173 4135 3⁰³¹*

84 4225 225 4296 praesidio
241 4229 362 4292 propriu,
387 4223 461 4295 quod
484 4241 588 4294 semper
686 4237 719 4270 ex
735 4235 839 4288 aggere.
852 4217 961 4269 materia
977 4233 1025 4268 eon
1071 4225 1176 4285 ta,qua

53 4303 81 4345 st
103 4303 180 4348 certo
208 4289 385 4346 comitabatur
413 4289 586 4362 pabulatores.
653 4304 722 4359 pons
739 4287 863 4338 instratus
881 4285 975 4336 luerat.
993 4283 1017 4334 vi
1039 4283 1122 4362 :lud-3
1138 4283 1175 4332 M.

53 4361 97 4412 M.
114 4360 189 4414 Scal.
209 4375 347 4428 perperam
360 4364 385 4413 al
394 4377 445 4427 pro
462 4361 503 4408 rio
514 4357 588 4409 urreis
687 4371 733 4406 suo
747 4366 834 4421 ponte.
872 4357 906 4408 Tb
929 4368 974 4402 ruo
998 4359 1088 4403 omrstt
1105 4349 1175 4403 beel.
1270 4373 1276 4391 ·

53 4426 210 4482 incluserat.
223 4424 335 4478 Vossius
346 4424 394 4495 legi
405 4376 463 4479 rull
469 4443 589 4494 propere.
655 4420 748 4475 invisis
763 4420 838 4474 codd.
855 4427 884 4471 et
900 4416 959 4472 odd.
977 4424 1041 4474 vett.
1139 4492 1145 4506 Ι
