3026 5264
235 455 237 460 .
312 491 313 494 p
376 371 869 466 nn.v.cn.10-13.
1076 369 1169 466 325

57 612 200 706 postero
228 604 286 677 die
312 605 498 694 mittunt,
525 607 588 703 qui
615 607 777 706 primum
805 603 981 680 elicerent
1017 615 1166 682 nostros

55 721 214 808 insidiis,
239 719 369 792 deinde
396 719 673 794 circumventos
699 721 1003 821 adgrederentur.
1046 723 1162 795 Cuius

60 837 141 912 mali
169 861 247 916 sors
273 837 405 910 incidit
431 838 583 926 Remis,
618 838 753 934 quibus
787 837 847 910 ille
882 837 958 910 dies
986 839 1164 942 fungendi

60 955 218 1022 muneris
245 951 464 1024 obvenerat.
489 953 662 1048 Namque
688 955 740 1040 ii,
760 977 881 1049 quum
908 961 1061 1050 repente
1096 955 1168 1024 ho·

56 1070 167 1140 stiurn
195 1071 338 1166 equites
365 1071 531 1142 animum
557 1069 804 1144 advertissent
829 1097 873 1144 ac
909 1093 1066 1142 numero
1105 1095 1169 1142 su·

56 1189 215 1284 periores
231 1185 458 1282 paucitatem
472 1188 776 1275 contemsissent,
795 1187 966 1286 cupidius
982 1188 1138 1260 insecuti
1154 1242 1167 1276 ,

58 1329 82 1373 a
104 1302 286 1400 peditibus
314 1303 476 1401 undique
502 1310 591 1375 sunt
609 1303 853 1376 circumdati:
874 1326 947 1401 quo
966 1303 1067 1375 facto
1087 1329 1171 1402 per·

59 1420 228 1509 turbati,
253 1419 433 1508 celerius,
461 1443 575 1515 quam
608 1419 841 1492 consuetudo
878 1420 951 1492 fert
986 1423 1169 1518 equestris

57 1536 209 1634 proelii,
236 1561 274 1608 se
300 1541 540 1633 receperunt,
567 1535 701 1607 amisso
718 1536 890 1608 Vertisco
904 1588 914 1623 ,
927 1537 1099 1634 Principe
1119 1540 1170 1610 ci-

60 1656 204 1739 vitatis,
236 1653 432 1726 Praefecto
460 1653 652 1748 equitum:
670 1652 732 1748 qui
752 1675 867 1749 quum
887 1653 952 1724 vix
970 1677 1066 1750 equo
1086 1679 1170 1752 pro·

57 1780 141 1868 pter
166 1776 326 1843 aetatem
355 1774 479 1866 posset
505 1769 583 1856 uti,
609 1772 756 1856 tamen,
782 1769 1050 1842 consuetudine
1078 1771 1170 1844 Gal-

58 1883 195 1972 lorum,
214 1907 331 1981 neque
350 1883 483 1955 aetatis
500 1881 740 1954 excusatione
759 1882 797 1954 in
815 1883 1048 1983 suscipienda
1061 1885 1171 1958 Praes-

59 1998 199 2070 sectura
227 2021 314 2069 usus
340 2002 439 2086 erat,
467 2019 586 2093 neque
612 1996 783 2069 dimicari
808 1998 886 2070 sine
920 2023 958 2071 se
985 1997 1171 2075 voluerat.

59 2109 239 2185 Inflantur
266 2119 379 2209 atque
404 2113 610 2185 incitantur
647 2111 812 2184 hostium
853 2111 966 2183 animi
1006 2113 1170 2186 secundo

58 2228 225 2330 proelio,
249 2229 420 2326 Principe
446 2233 484 2301 at
508 2223 703 2300 Praefecto
728 2227 1168 2316 Remoruminterfecto,
1199 2288 1204 2297 .

59 2348 249 2444 nostrique
276 2345 499 2418 detrimento
527 2340 795 2430 admonentur,
817 2341 1028 2442 diligentius
1047 2345 1173 2444 explo-

58 2463 151 2533 ratis
176 2459 266 2532 locis
292 2460 473 2532 stationes
499 2456 692 2556 disponere
719 2481 763 2531 ae
789 2456 1018 2531 moderatius
1039 2458 1174 2534 cedeo—

58 2581 139 2647 tem
164 2576 306 2670 insequi
334 2571 495 2646 hostem.

117 2689 173 2760 13.
198 2688 283 2761 Non
309 2687 614 2764 intermittuntur-
630 2687 779 2760 interim
797 2683 1014 2783 quotidiana
1033 2683 1173 2784 proelia

57 2807 97 2877 in
126 2812 329 2903 conspectu
357 2811 604 2900 utrorumque
632 2809 869 2894 castrorum,
896 2827 991 2905 quae
1010 2804 1055 2875 ad
1077 2803 1174 2876 vada
1269 2877 1273 2886 ,

56 2920 315 3016 transitusque
341 2918 481 2991 fiebant
507 2917 663 3018 paludis.
690 2921 775 3012 Qua
800 2917 1042 2990 contentione
1078 2917 1175 2988 Ger·

56 3032 178 3120 mani,
205 3057 298 3130 quos
325 3039 520 3132 propterea
547 3034 682 3106 Caesar
701 3031 966 3104 transduxerat
984 3031 1178 3119 Rhenum,

56 3151 310 3246 ut'equitibus
327 3150 535 3248 interpositi
555 3147 844 3248 proeliarentur,
864 3173 980 3247 quum
1000 3155 1177 3220 constan·

55 3269 135 3339 tius
156 3266 316 3339 universi
335 3265 506 3363 paludem
526 3265 767 3353 transissent,
783 3268 984 3364 paucisque
1004 3267 1177 3339 resisten-

54 3381 162 3454 tibus
188 3379 416 3470 interfectis,
432 3381 658 3480 pertinacius
685 3381 866 3478 reliquam
893 3379 1177 3454 multitudinem
1234 3397 1237 3403 “

89 3635 148 3686 elic.
167 3645 270 3686 nostros
287 3633 401 3694 imidiir'.
420 3635 439 3684 l.
456 3652 480 3686 a.
497 3631 587 3686 ad‘in·
686 3633 827 3713 Irpflantar.
844 3633 888 3687 Sic
905 3633 959 3686 dno
975 3633 1053 3687 codd.
1068 3642 1135 3686 nott.
1150 3643 1181 3687 et

54 3704 159 3762 nidias,
177 3702 211 3754 ad
228 3700 333 3760 locum,
351 3699 398 3752 nbi
416 3700 529 3753 insidiae
543 3719 587 3772 po·
654 3699 727 3754 bom.
746 3701 820 3769 Ergo
829 3701 880 3753 alia
897 3700 993 3762 lectio,
1011 3703 1178 3772 teplammon-

53 3775 125 3824 sitae
144 3777 229 3821 eraut.
272 3768 318 3820 Sic
344 3769 486 3838 explicavit
514 3768 585 3820 (lud.
653 3781 709 3829 tur,
722 3768 807 3820 abhis
819 3769 1179 3840 est,quivolueruutcmen·

53 3840 145 3890 Locus
167 3854 223 3888 uon
241 3835 391 3887 intellectus
413 3838 528 3888 variatus
546 3845 586 3887 est
653 3835 723 3887 dare.
741 3837 779 3888 M.
817 3841 855 3889 at
872 3839 1070 3908 irfiammantnr
1090 3845 1131 3890 est
1149 3837 1178 3888 in

52 3903 213 3965 scribendo,
231 3905 355 3963 desidiae,
378 3907 405 3953 in
423 3904 535 3960 emittite,
559 3911 587 3955 et
654 3903 761 3974 reliquis
772 3901 971 3961 rndd.‚habent
988 3911 1015 3955 et
1034 3902 1092 3956 edd.
1112 3913 1177 3954 vett.

53 3973 140 4040 vulgo
158 3976 186 4020 in
203 3971 319 4022 iraaidiaer.
339 3967 377 4021 M.
403 3969 507 4024 Similia
522 3977 587 4021 sunt
653 3970 817 4022 Siccensi.
839 3969 983 4039 19.Dubia
1002 3969 1087 4022 lectio.
1133 3971 1179 4022 ln-

53 4041 85 4092 C.
107 4055 137 4100 2,
160 4057 199 4105 ¹9·
217 4038 337 4088 aalma
350 4039 490 4106 praesidio.
526 4038 585 4088 An.
643 4041 733 4107 flatus
751 4036 846 4106 legitur
862 4039 893 4090 C.
911 4037 940 4096 3,
964 4043 1020 4090 108.

57 4111 97 4160 ιδ.
128 4107 225 4178 oppido
251 4117 434 4172 represserunt.
464 4113 491 4155 et
514 4121 528 4154 a
550 4103 586 4158 ud
686 4104 750 4159 Non
767 4109 979 4158 intermittuntur.
1021 4103 1065 4158 Al.
1094 4108 1179 4157 intera

53 4174 200 4226 Lucanum
218 4188 249 4238 2,
268 4171 510 4223 685.discoue1as
557 4207 564 4220 .
652 4177 731 4222 mittit
749 4171 804 4224 suil-
823 4172 925 4224 Caesar.

88 4243 242 4292 obvenerat.
268 4238 323 4290 Alii
341 4252 457 4290 iacuerat.
686 4240 811 4306 equitibus
828 4243 982 4308 inter-positi.
1026 4237 1069 4293 Cf.
1091 4255 1119 4306 1,
1137 4245 1178 4306 48..

90 4311 226 4360 Vertisco.
252 4308 296 4358 Sic
307 4305 367 4358 edd.
379 4313 444 4358 velt.
458 4307 585 4360 Ver-cisto.
653 4323 683 4372 7,
704 4309 740 4356 18.
759 4315 786 4357 et
803 4309 909 4376 passim.
936 4307 978 4358 M.
1161 4301 1166 4331 ¹

54 4375 114 4428 Atii
135 4377 255 4426 Vernuo.
274 4373 358 4444 Supra
378 4379 407 4436 5,
426 4379 466 4438 45.
487 4385 526 4444 49.
544 4391 587 4426 oc·
687 4377 857 4426 resistentibus
874 4377 1026 4451 interjectis.
1067 4375 1125 4428 Alii
1151 4379 1180 4428 in

55 4445 144 4496 martit
160 4441 276 4498 Vertico.
653 4443 803 4498 resistenda.
