2986 5268
343 373 440 468 238
707 405 763 464 nu
797 403 931 463 nanno
966 405 1087 466 osan.

341 606 601 709 proficiscitur.
642 605 731 677 Eius
766 605 929 680 adventu
969 606 1153 706 Bituriges
1192 603 1237 678 ad
1276 603 1425 695 Aeduos,

318 743 501 819 ‚quorum
529 725 635 794 eraut
668 721 706 792 in
748 721 844 811 fide,
883 721 1025 821 legatos
1053 726 1208 793 mittunt
1247 720 1425 792 subsidium

340 847 538 937 rogatum,
565 861 638 934 quo
666 835 809 910 facilius
837 838 998 909 bostium
1027 839 1151 936 copias
1172 839 1345 910 suoinoe
1362 863 1425 934 pos·

340 954 426 1024 siut.
456 953 571 1024 Aedui
600 951 643 1022 de
672 951 824 1022 consilio
852 945 1100 1052 legatorum,
1125 975 1219 1048 quos
1245 953 1370 1023 Caesar
1392 949 1426 1020 ad

340 1071 549 1144 exercitum
582 1068 805 1165 reliquerat,
832 1071 957 1166 copias
984 1070 1171 1164 equitatur
1192 1069 1426 1166 peditatusque

341 1183 505 1256 subsidio
531 1181 760 1284 Biturigibus
787 1183 958 1255 mittunt.
999 1185 1070 1273 Qui
1099 1207 1215 1279 (urum
1243 1183 1288 1252 ad
1313 1180 1427 1254 flumen

339 1297 501 1395 Ligerim
525 1299 733 1385 vertissent,
760 1297 857 1392 quod
879 1299 1060 1395 Bituriges
1079 1297 1125 1368 ab
1147 1297 1282 1369 Aeduis
1300 1295 1429 1376 dividit,

342 1435 484 1508 paucos
511 1409 586 1482 dies
612 1409 661 1480 ibi
691 1412 850 1499 morati,
879 1435 996 1508 neque
1023 1409 1160 1483 flumen
1181 1413 1334 1483 transire
1351 1409 1428 1495 ausi,

339 1527 493 1600 domum
522 1532 761 1600 revertuntur
796 1525 999 1626 legalisque
1034 1527 1168 1599 nostris
1210 1529 1430 1611 renunciant,

339 1665 378 1714 se
403 1644 614 1741 Biturigum
645 1643 836 1740 perfidiam
855 1646 993 1716 veritos
1019 1644 1233 1730 revertisse,
1260 1641 1382 1738 quibus
1403 1635 1430 1709 id

340 1755 481 1827 consilii
510 1755 617 1828 luisse
644 1759 909 1854 cognoverint,
938 1763 1001 1845 ut,
1020 1759 1047 1828 si
1068 1755 1206 1828 flumen
1229 1757 1431 1836 transissent,

339 1893 412 1941 uua
441 1895 487 1944 ex
515 1879 618 1969 parte
637 1875 728 1971 ipsi,
754 1871 869 1945 altera
890 1873 1046 1946 Aruerni
1068 1895 1104 1944 sc
1126 1873 1431 1945 circumsisterent.

339 1987 379 2058 ld
408 2013 497 2060 eane
524 1988 569 2060 de
597 2013 750 2078 caussa,
777 2013 890 2085 quarn
908 1989 1039 2086 legatis
1060 1990 1372 2084 pronunciarunt,
1395 2009 1437 2054 an·

338 2106 491 2204 perfidia
519 2106 669 2179 adducti
698 2107 880 2192 feceriut,
905 2103 1004 2202 quod
1034 2103 1122 2174 nibil
1152 2105 1258 2176 nobis
1284 2109 1429 2189 constat,

337 2245 414 2294 nou
436 2221 581 2294 videtur
608 2247 675 2321 pro
703 2227 805 2294 certo
832 2245 909 2293 esse
936 2220 1160 2317 ponendum.
1187 2223 1366 2322 Bituriges
1382 2243 1430 2291 co·

338 2359 425 2409 rum
452 2335 612 2409 discessu
640 2341 770 2410 statim
796 2360 834 2408 se
861 2359 947 2407 cnm
968 2335 1144 2407 Aruernis
1165 2339 1398 2434 coniungunt.

389 2455 425 2526 6.
452 2455 518 2525 His
545 2454 654 2526 rebus
681 2455 717 2525 iu
747 2453 890 2525 ltaliam
918 2451 1062 2523 Caesari
1092 2454 1301 2542 nunciatis,
1332 2471 1430 2548 quum

340 2569 415 2641 iam
443 2567 503 2640 ille
531 2571 690 2641 urbanas
724 2594 782 2641 res
819 2569 958 2640 virtute
992 2565 1058 2638 Cn.
1087 2567 1253 2666 Pompeii
1290 2589 1433 2644 commo·
1474 2567 1475 2613 ³

326 2681 479 2752 diorern
507 2683 543 2754 in
571 2689 712 2755 statum
740 2685 948 2779 pervenisse
977 2679 1237 2780 intellegeret,
1274 2685 1311 2754 in
1337 2683 1433 2752 Tran·

338 2792 520 2890 salpiuam
547 2795 706 2867 Galliam
734 2796 924 2894 protectus
951 2802 1020 2868 est.
1047 2795 1102 2868 Eu
1130 2819 1247 2891 quum
1276 2795 1434 2875 venisset,
1473 2843 1474 2910 ,

338 2933 474 3008 magua
503 2907 725 2984 difficultate
743 2911 1007 3000 adficiebatur,
1033 2937 1106 3010 qua
1125 2915 1271 2986 ratione
1288 2911 1334 2984 ad
1351 2931 1435 2982 exer·
1473 2911 1474 2979 l

339 3019 459 3098 cilum
485 3030 678 3125 pervenire
705 3035 842 3128 posset.
902 3029 1023 3109 Nam,
1052 3027 1080 3100 si
1108 3027 1273 3126 legiones
1298 3029 1333 3102 in
1359 3027 1435 3097 Pro·

338 3144 501 3216 vinciam
529 3152 764 3234 arcesseret,
802 3168 840 3216 ss
880 3145 1032 3216 absente
1071 3145 1108 3216 iu
1143 3145 1276 3218 itinere
1316 3139 1435 3244 proelio

338 3255 580 3332 dimicaturas
606 3258 866 3358 intellegebat:
895 3259 925 3330 si
951 3259 1028 3354 ipse
1055 3257 1102 3330 ad
1133 3261 1341 3331 exercitum
1357 3277 1434 3325 con-

337 3375 535 3464 tenderet,
562 3401 608 3448 ue
645 3377 690 3447 iis
725 3373 901 3472 quidem,
943 3373 1008 3469 qui
1039 3397 1083 3446 eo
1118 3379 1287 3472 tempore
1331 3365 1468 3469 pacati·

337 3489 582 3579 viderentur,
621 3513 727 3560 suam
755 3487 913 3560 salutem
939 3492 1042 3558 recte
1075 3488 1263 3559 committi
1292 3481 1434 3556 videbat

392 3630 426 3700 7.
452 3585 608 3678 lnterir'n
625 3607 822 3677 Lucterius
839 3601 1051 3690 Cadurcus,
1069 3601 1105 3672 iu
1124 3603 1292 3674 Rutenos
1310 3600 1434 3681 missus,
1471 3625 1472 3630 ¹

338 3746 420 3794 eam
447 3724 639 3795 civitatem
667 3720 844 3794 Aruernis
872 3717 1059 3790 conciliat.
1085 3718 1306 3819 Progressus
1331 3718 1365 3788 iu
1384 3711 1434 3784 Ni·

336 3837 517 3938 tiobrigcs
544 3843 583 3912 et
610 3833 802 3924 Gabalos,
828 3833 874 3906 ab
900 3833 1066 3930 utrisque
1081 3832 1229 3906 'obsides
1247 3829 1378 3930 accipit
1394 3827 1433 3910 et,

370 4127 539 4171 mersantur.
574 4111 618 4167 ste
634 4109 710 4164 codd.
739 4111 776 4162 At
793 4107 861 4164 Scal.
963 4114 1055 4162 viv-me
1072 4111 1197 4180 Pompeii.
1214 4112 1246 4166 V.
1264 4113 1392 4182 scriptores
1402 4121 1432 4153 n·

337 4192 365 4237 tt
381 4185 535 4234 recentiores
557 4192 694 4231 revertunt.
929 4197 985 4230 rum
1003 4179 1180 4231 Romanarum
1186 4217 1194 4239 ,
1213 4197 1245 4232 ιι
1267 4195 1323 4250 αφ.
1342 4193 1362 4226 1.
1377 4185 1433 4223 coru-

371 4269 433 4300 eane
450 4251 481 4299 dc
498 4265 595 4300 cerusa.
630 4245 697 4297 Edd.
718 4247 816 4318 primae
833 4253 861 4300 et
928 4255 1094 4297 memoratos.
1113 4247 1155 4298 M.

336 4316 394 4370 eod.
413 4315 532 4366 Dorvillii
551 4333 581 4364 en
598 4315 629 4364 de
646 4331 743 4363 caussa.

367 4382 519 4449 punctulum.
532 4381 588 4435 Alli
597 4381 797 4450 pmponcndum.
810 4381 861 4438 mi·
958 4385 1052 4450 putati.
1071 4381 1124 4433 Alii
1138 4381 1214 4436 codd.
1227 4385 1312 4452 quieti.
1329 4373 1376 4432 Sed
1390 4369 1430 4421 ΒΝ

336 4469 387 4505 aas
404 4449 480 4504 benc.
867 4483 872 4488 -
927 4459 968 4502 est
984 4448 1118 4518 glossema.
1136 4449 1180 4503 M.
