3026 5264
416 235 420 275 l

387 375 467 434 mn.
502 375 529 433 1.
564 373 656 462 cre.
693 340 870 432 21-23.

1103 335 1191 434 381

80 579 144 654 ute·
166 599 205 650 se
228 601 252 646 a
277 577 501 662 contumelio
526 579 753 648 inimieorum
779 573 1001 670 deflenderen
1029 571 1084 646 'ut
1123 577 1205 649 Tri·

82 693 198 766 honus
221 690 332 788 plebis
358 715 399 762 eu
426 715 465 762 re
490 715 536 762 ea·
560 695 702 764 ciuitate
718 691 887 786 expulsos
904 695 943 760 in
960 715 1064 761 suum
1082 690 1205 790 digni·

83 819 198 877 tutem
224 810 448 889 restitueret3
475 818 515 876 ut
539 829 578 876 se
602 819 636 876 et
663 805 841 902 Populum
868 804 1090 892 Romanum,
1113 829 1206 901 poud
1236 841 1242 848 ·

82 945 214 990 corum
224 924 395 1016 suctione
420 919 649 1017 obpressum,
687 923 725 990 in
765 919 960 990 libertatem
999 899 1204 992 uindicaret.

85 1036 206 1108 Cuius
232 1033 402 1137 oratione
430 1035 670 1108 confirmatus
698 1031 897 1122 Lentulus,
926 1034 978 1105 uti
1019 1035 1057 1104 in
1098 1036 1206 1132 oppi-

43 1165 49 1183 '
87 1149 181 1223 dum
208 1155 343 1222 reverti
372 1150 504 1240 liceat,
530 1153 646 1248 petiit
673 1149 772 1246 quod
801 1148 845 1220 de
873 1172 939 1220 sua
965 1146 1085 1220 salute
1105 1150 1208 1247 inpe-

86 1267 273 1354 traverit,
299 1266 377 1338 lere
403 1269 517 1339 etiam
545 1263 693 1362 reliquis
720 1264 766 1336 ad
793 1287 901 1336 suam
927 1287 1030 1361 spent
1048 1261 1205 1334 solatio:

89 1379 185 1452 adeo
212 1404 288 1452 esse
315 1384 532 1478 perterritos
556 1379 773 1468 nonnullos,
790 1386 833 1452 ut
850 1401 938 1450 suae
961 1381 1059 1450 vitae
1079 1377 1208 1450 durius
1289 1460 1294 1468 ¹

90 1492 285 1566 consulere
313 1503 509 1594 cogantur.
537 1496 652 1568 Facta
679 1499 864 1592 potestate
892 1490 1061 1564 discedit.

146 1607 206 1680 23.
232 1609 393 1699 Caesar,
421 1611 482 1683 ubi
508 1609 670 1699 inluxit,
709 1633 837 1682 omnes
865 1607 1209 1680 SenatoresSena-

91 1731 295 1820 torumque
322 1725 477 1815 liberos,
495 1726 681 1798 Tribunos
706 1724 871 1798 militum
889 1723 1116 1822 Equitesque
1134 1723 1210 1796 Ro-

91 1861 226 1912 manos
251 1838 298 1910 ad
325 1851 363 1911 s'e
390 1841 543 1938 produci
571 1841 686 1914 iubet.
702 1827 829 1912 vErant
856 1839 1044 1911 Senatorii
1070 1835 1209 1910 ordinis

92 1951 140 2024 L.
166 1953 372 2042 Domitius,
398 1955 439 2028 P.
459 1953 640 2028 Lentulus
657 1956 853 2054 Spinther,
870 1955 913 2026 L.
931 1950 1115 2026 Vibullius
1134 1953 1211 2022 uu-

94 2065 176 2150 fus,
203 2067 290 2138 Sex.
317 2068 541 2159 Quinctilius
567 2073 714 2160 Varus,
742 2073 948 2162 Quaestor,
967 2069 1008 2140 L.
1027 2067 1210 2140 Rubrius:

95 2183 289 2277 praeterea
315 2181 413 2254 lilius
436 2183 591 2258 Domitii
619 2184 753 2282 aliique
773 2181 983 2280 complures
1001 2179 1212 2252 adulescen-

96 2303 156 2368 tes
181 2303 219 2370 et
245 2324 402 2400 magnus
419 2327 596 2376 numerus
612 2305 793 2401 Equitum
813 2304 1069 2374 Romanorum
1088 2305 1125 2368 et
1140 2299 1212 2368 De-

1 2487 2 2492 ,
98 2415 318 2505 curionum,
344 2443 437 2520 quos
464 2445 511 2492 ex
537 2420 746 2518 municipiis
763 2419 951 2492 Domitius
972 2419 1212 2487 evocaverat.

93 2530 177 2604 Hos
203 2557 331 2606 omnes
358 2535 560 2632 productos
587 2561 607 2607 a
635 2534 870 2608 contumeliis
896 2533 1060 2606 militum
1087 2533 1216 2603 eonvi-

95 2647 247 2745 ciisque
265 2649 457 2748 probibet:
486 2675 604 2750 pauca
625 2650 722 2748 apud
741 2675 803 2724 eos
821 2649 1008 2749 loquitur,
1025 2647 1125 2748 quod
1144 2648 1216 2722 sibi

96 2785 120 2834 a
148 2769 254 2857 parte
286 2787 414 2836 eorum
448 2769 570 2865 gratia
600 2763 718 2839 relata
750 2791 824 2839 non
864 2767 912 2838 sit
951 2788 1019 2863 pro
1059 2763 1134 2835 suis
1177 2762 1217 2833 in

84 2885 164 2950 *eos
189 2881 362 2954 maximis
387 2881 585 2955 beneficiis.
651 2882 820 2956 Dimittit
845 2907 973 2957 omnes
999 2880 1217 2956 incolumes.

139 3229 170 3264 ea
188 3229 216 3262 re
233 3233 266 3264 er
282 3219 328 3264 civ.
344 3231 402 3282 erp.
419 3232 448 3265 ea
465 3211 499 3264 de
520 3231 627 3280 cenem,

101 3279 162 3332 scil.
188 3279 258 3350 quod
283 3281 418 3332 Caesarem
447 3279 627 3334 defenderent.

99 3349 200 3400 Forsan
213 3367 243 3400 eu
256 3347 395 3402 redolebis
413 3349 523 3410 rectius,
542 3342 628 3400 iudice

97 3415 215 3466 Iuriuio.
234 3415 326 3468 Celsus
344 3413 425 3465 babet
442 3419 481 3466 sui
497 3416 566 3465 odio.

138 3509 165 3556 in
182 3505 326 3556 libertatem
344 3507 491 3557 vindicaret.
543 3504 628 3558 Codd.

99 3571 213 3643 quidam
231 3574 357 3634 libertati,
375 3582 406 3626 ut
422 3594 445 3628 c.
461 3585 498 3638 ¹⁴·
515 3573 630 3624 libertati

99 3641 253 3711 corfirorat.

139 3732 175 3780 orl
190 3749 262 3781 suam
279 3751 291 3781 s
308 3749 346 3780 em
363 3729 465 3782 solutio.
491 3729 534 3782 Sic
553 3729 630 3782 codd.

100 3797 176 3850 unde
194 3797 261 3848 mele
278 3796 394 3866 Scaliger
410 3815 534 3866 sriaotpre.
556 3799 631 3848 Ciue-

101 3866 200 3918 conius
216 3866 324 3916 coniicit
340 3865 375 3914 ud
392 3883 464 3914 suom
482 3868 534 3931 spei
550 3877 576 3914 et
593 3882 631 3914 so-

101 3935 182 3983 lutio.
200 3951 252 3982 non
271 3951 347 4002 opus.
366 3929 497 4000 intellige,
514 3949 564 3999 quo
581 3935 631 4000 ipsi

102 4011 210 4070 sperent
226 3999 258 4048 de
274 4000 365 4050 salute.

141 4107 273 4158 consulere
289 4121 420 4178 eoguntur.
443 4105 489 4160 Sic
505 4115 532 4160 et
548 4107 581 4162 G.
601 4112 632 4172 6,

104 4181 132 4226 5.
151 4179 271 4244 congredi
286 4191 425 4247 cogeretur.

141 4279 232 4330 Erant
259 4279 391 4331 Senatorii
419 4282 475 4332 ord.
533 4282 633 4335 Omnes

104 4345 184 4401 codd.
202 4345 324 4398 Oudeud.
342 4345 454 4400 hebent:
472 4363 546 4400 erant
560 4355 634 4416 urtin-

105 4419 232 4490 quoginto
250 4414 366 4466 ordines:
383 4415 430 4468 sed
449 4415 541 4472 Ursini
557 4416 634 4480 libri,

694 3223 769 3332 33:1¹²
782 3216 864 3330 titt
879 3211 989 3347 ttlttt
1008 3209 1088 3346 ,bb
1110 3211 1220 3328 {ltili-{⁸

695 3347 810 3406 Dubito,
835 3365 869 3397 cn
895 3345 988 3397 Caesar
1011 3347 1047 3397 sic
1072 3345 1220 3414 scripserit3

696 3412 760 3483 quid
778 3414 825 3465 scri
847 3413 922 3470 serit,
941 3422 1066 3482 exputare
1084 3429 1136 3462 nou
1156 3429 1221 3481 pos-

696 3499 764 3532 sum.
773 3507 806 3518 -
818 3432 858 3531 de
876 3479 953 3530 rebus
966 3477 1000 3530 nd
1013 3478 1160 3531 Corfinium
1178 3495 1221 3546 ge·

697 3549 745 3598 stis
762 3565 787 3598 v.
805 3547 858 3599 Dio
880 3547 952 3598 Cass.
976 3556 1021 3613 41,
1044 3564 1081 3596 rr.
1100 3547 1221 3616 eppa,

697 3614 737 3665 38.
756 3633 782 3684 p.
801 3620 859 3680 451.
878 3613 1011 3666 Plutarch.
1035 3613 1111 3665 Caes.
1133 3631 1155 3664 c.
1178 3611 1222 3677 34.

697 3681 750 3734 Sed
767 3681 797 3732 hi
815 3699 905 3732 omnes
928 3699 942 3732 e
963 3679 1082 3751 pleniore
1105 3680 1222 3732 Caesaris
1283 3723 1286 3728 .
1325 3685 1334 3708 “

698 3751 846 3800 narratione
860 3747 1009 3818 explicandi
1022 3757 1092 3800 sunt.
1111 3748 1153 3799 Μ.
1170 3747 1224 3800 De·

698 3817 780 3868 vitius
805 3814 872 3868 bene
896 3812 1031 3878 ostendit,
1057 3815 1127 3868 unde
1152 3833 1225 3865 error

699 3895 781 3934 ortus.
825 3883 885 3936 Scri
907 3891 964 3934 tum
982 3893 1038 3934 eret
1056 3884 1084 3934 iu
1102 3881 1191 3934 codiee
1208 3881 1226 3932 Ι

699 3953 805 4000 ordinis.
838 3949 869 4000 ld
887 3901 905 4000 l
918 3957 1048 4002 mutatum
1065 3948 1100 4002 ob
1116 3947 1176 4000 aliia
1194 3949 1224 4002 iu

700 4019 738 4079 L,
753 4016 824 4069 uude
841 4021 1039 4086 quinquaginta.

733 4122 766 4172 P.
785 4121 907 4172 lentitius
924 4118 1048 4190 Spintlter
1059 4125 1108 4170 ete.
1126 4116 1182 4190 Atii
1193 4115 1224 4170 L.

701 4187 826 4240 Caecilius
845 4187 969 4254 Spiutlter
985 4185 1075 4256 Rufus.
1245 4177 1252 4199 '

735 4283 849 4336 Dimittit
874 4299 961 4333 omnes
985 4279 1130 4332 incolumes.
1167 4281 1226 4334 Huc

722 4352 818 4400 ertinct
841 4347 951 4418 epistola
975 4348 1093 4402 Caesaris
1119 4348 1146 4399 in
1170 4349 1225 4402 Cic.

701 4369 770 4504 bpp.
789 4415 821 4470 ad
839 4419 896 4469 Au.
916 4435 944 4486 9,
963 4421 977 4470 6
995 4423 1022 4470 et
1043 4419 1080 4467 rt.
1098 4415 1137 4465 Μ.
