3040 5264
384 376 463 436 uro.
499 376 552 436 ιν.
587 376 679 436 ore.
715 337 823 438 3-6.
1085 343 1170 450 115
1210 420 1214 428 .

59 573 144 672 qui,
171 571 216 648 de
244 573 521 650 Germanorum
549 569 710 648 disc'ess‘u
737 598 801 674 per
827 569 1080 672 exploratores
1099 599 1176 648 cer·
1207 661 1210 668 Δ

58 694 174 764 tiores
200 690 312 780 faeti,
330 693 407 764 sine
433 697 540 764 metu
567 697 669 764 trans
697 691 871 764 Rhenum
899 692 937 763 in
967 715 1052 764 suos
1073 692 1177 764 vicos

59 805 369 902 rernigraverant.
396 806 464 878 llis
481 803 687 878 interfectis
715 803 946 901 navibusque
965 827 1096 876 eorum
1114 828 1177 877 oc·

59 921 228 1016 cupatis,
248 919 348 1016 prius
368 943 482 1016 quam
501 944 542 990 aa
562 945 645 1017 pars
665 919 948 1018 Menapiorum,
965 942 1059 1015 quae
1080 919 1177 992 citra

57 1032 234 1103 Rhenum
261 1035 387 1129 quieta
413 1034 450 1104 in
479 1035 554 1105 suis
582 1033 730 1106 sedibus
756 1038 859 1120 erat,
887 1035 1025 1104 certior
1050 1031 1177 1122 lieret,

57 1141 196 1216 llumeu
226 1148 454 1218 transierunt
479 1152 614 1244 atque,
642 1147 815 1220 omnibus
844 1168 974 1218 eorum
996 1143 1174 1218 aediliciis

60 1263 277 1358 occupatis,
306 1263 486 1359 reliquam
515 1270 657 1360 partem
686 1263 818 1336 hiemis
844 1287 882 1335 se
911 1261 1039 1334 eo‘rum
1057 1261 1175 1360 copiis

60 1375 247 1450 aluerunt.

108 1489 142 1566 5.
171 1494 239 1566 His
265 1491 310 1566 de
336 1491 447 1566 rebus
463 1492 600 1566 Caesar
619 1493 757 1568 certior
774 1495 897 1569 factus
920 1501 959 1568 et
977 1493 1171 1569 infirmita·

60 1616 132 1682 tarn
153 1609 350 1684 Gallorum
379 1610 544 1696 veritus,
563 1609 664 1706 quod
683 1617 771 1684 sunt
791 1613 826 1686 in
848 1611 1009 1684 consiliis
1029 1615 1178 1710 capien-

61 1721 112 1794 dis
138 1723 295 1796 mobiles
318 1729 356 1796 et
378 1725 486 1796 novis
512 1724 731 1823 plerumque
759 1725 870 1798 rebus
899 1724 1068 1816 student,
1084 1727 1176 1802 nihil

60 1833 113 1907 his
139 1835 454 1910 committendum
482 1839 725 1912 existimavit.
755 1840 822 1912 Est
846 1853 966 1912 autem
991 1837 1060 1910 lroa
1087 1837 1176 1912 Gal-

59 1952 145 2026 licae
163 1954 451 2042 consuetudinis,
468 1960 524 2026 nti
547 1967 580 2028 et
605 1960 773 2039 viatores,
792 1962 899 2028 en‘am
925 1959 1075 2040 noeros,
1094 1982 1188 2028 coam
1241 2035 1253 2057 ,

60 2071 180 2140 sistere
206 2082 340 2168 cogant
364 2081 416 2151 et,
442 2067 537 2166 qnod
562 2073 711 2168 quisque
742 2094 865 2142 eorwn
896 2067 940 2140 de
970 2093 1108 2166 qrazpae
1134 2095 1173 2143 re

62 2183 213 2256 medaria
238 2198 302 2256 out
326 2189 549 2282 cognoverit,
573 2198 744 2283 quoerant
762 2199 796 2258 et
813 2196 1024 2257 mercatores
1050 2189 1087 2254 in
1113 2210 1174 2280 op-

63 2303 155 2397 pidis
184 2303 316 2400 volgus
359 2305 625 2390 circumsistat,
656 2301 852 2398 quibusque
884 2323 932 2372 aa
966 2299 1173 2396 regionibns

64 2419 217 2504 veniunt,
241 2439 398 2512 quasque
421 2413 473 2486 ibi
496 2439 553 2486 res
579 2419 830 2512 cognoverint,
852 2417 1090 2510 pronunciare
1114 2437 1172 2484 co·

62 2541 159 2621 gant.
212 2529 281 2600 His
307 2525 509 2600 rumoribus
535 2541 641 2625 atque
665 2524 902 2600 auditionibus
924 2527 1096 2622 permoti,
1125 2523 1170 2597 de

63 2651 206 2718 sununs
239 2669 344 2742 saepe
377 2645 480 2719 rebus
513 2645 661 2717 oonsilio
694 2651 839 2732 ineunt,
874 2669 1025 2742 quornm
1057 2665 1118 2714 eos
1148 2667 1170 2714 e

63 2763 205 2856 vestigio
228 2763 407 2856 poenitere
423 2781 563 2832 neeesse
580 2773 650 2842 est,
670 2785 780 2856 quum
805 2761 950 2830 incertis
967 2753 1169 2830 rumoribus

63 2881 213 2946 serviant
236 2889 270 2946 et
291 2875 452 2974 plerique
468 2873 519 2948 ad
536 2875 748 2948 aolrenlatem
773 2899 893 2946 eorum
908 2869 1006 2968 fieta
1025 2895 1169 2968 respon·

63 2984 170 3060 deant.

107 3101 142 3174 6.
169 3105 255 3196 Qua
281 3102 551 3204 consuetudine
579 3105 751 3206 cognita,
770 3093 922 3193 Caesir,
941 3125 985 3172 ne
1004 3097 1166 3200 graviori

62 3216 150 3292 bello
178 3227 423 3310 occurreret,
457 3221 666 3305 maturius,
706 3243 818 3316 quam
855 3223 1080 3302 consuerat,
1120 3215 1172 3289 ad,

64 3340 263 3412 exercitum
291 3337 551 3438 proficiscitur.
576 3337 633 3408 Eo
651 3360 770 3434 quum
793 3335 971 3424 venisset,
989 3357 1053 3424 ea,
1072 3357 1167 3432 quae

63 3447 132 3523 fore
165 3453 375 3554 suspicatus
408 3457 508 3540 erat,
536 3450 637 3524 lacta
672 3453 870 3550 cognovit,
899 3450 1029 3522 missas
1063 3445 1167 3544 lega-

64 3563 171 3636 tiones
197 3591 220 3639 ιι
247 3565 433 3640 nonnullis
460 3565 677 3639 civitatibus
704 3564 751 3638 ad
779 3566 1005 3652 Germanos,
1030 3561 1167 3634 iuvita·
1233 3603 1235 3608 ,

63 3683 185 3776 tosqua
203 3704 284 3770 eos,
298 3682 354 3754 uti
371 3681 419 3752 ab
436 3681 568 3754 Rheno
587 3679 838 3766 discederent3
853 3679 1052 3776 omniaque
1070 3701 1165 3774 quae

64 3793 325 3886 postulassent,
351 3795 398 3866 ab
425 3817 462 3868 se
489 3795 569 3870 fore
596 3799 739 3894 parata.
809 3795 895 3887 Qua
920 3817 984 3891 spe
1010 3790 1165 3864 adducti

109 3996 172 4045 uieea
194 3999 222 4046 in
243 4000 295 4048 anis
324 3995 428 4048 aedibus.
469 3995 536 4048 Haeo
562 4013 577 4046 a
676 4013 708 4046 no
725 4023 757 4036 -
774 4005 930 4060 venenaret,
949 4011 982 4047 aa
999 3995 1028 4046 in
1049 3993 1077 4046 id
1099 3993 1166 4044 iuci-

64 4009 129 4111 wgd.
140 4062 250 4116 insaniit
261 4061 384 4116 Oudend-
401 4063 446 4118 sic
456 4071 482 4114 at
494 4064 577 4116 Grae·
644 4061 730 4128 deret,
748 4081 779 4114 eo
796 4061 971 4133 inplicantur.
996 4062 1038 4115 cf.
1048 4059 1077 4127 3,
1088 4063 1113 4110 6.
1122 4060 1164 4112 Μ.

64 4140 110 4176 ors.
678 4131 837 4196 firmanos,
849 4128 876 4179 h.
889 4148 911 4181 a.
924 4129 1048 4199 Usipetes
1061 4137 1088 4180 et
1097 4127 1166 4179 'l'an-

68 4255 81 4266 ..
92 4197 295 4274 wmiaandurn.
312 4197 392 4251 Nulla
407 4214 453 4250 stra
467 4195 577 4274 consilia
643 4193 772 4278 ebtheros.
791 4196 834 4248 Cl.
851 4215 873 4247 c.
891 4208 914 4260 4.
932 4197 975 4248 Μ.
1106 4266 1111 4276 ·

65 4261 578 4384 trititiullfftiiltltlllt
643 4261 1165 4398 attittftttiiftltilii?

94 4399 235 4454 enarrans.
253 4397 300 4452 alii
316 4399 398 4454 raus.
677 4401 818 4466 omniaque.
835 4397 983 4452 Deleodum
997 4415 1055 4468 qne.
1072 4396 1115 4451 M·
1153 4439 1154 4444 η
