<?xml version="1.0" encoding="UTF-8"?>
<!DOCTYPE html PUBLIC "-//W3C//DTD XHTML 1.0 Transitional//EN"
    "http://www.w3.org/TR/xhtml1/DTD/xhtml1-transitional.dtd">
<html xmlns="http://www.w3.org/1999/xhtml" xml:lang="en" lang="en">
 <head>
  <title>
</title>
<meta http-equiv="Content-Type" content="text/html;charset=utf-8" />
  <meta name='ocr-system' content='tesseract 3.04.00' />
  <meta name='ocr-capabilities' content='ocr_page ocr_carea ocr_par ocr_line ocrx_word'/>
</head>
<body>
  <div class='ocr_page' id='page_1' title='image "./ciuliicaesarisc00cellgoog_0549.png"; bbox 0 0 3060 5276; ppageno 0'>
   <div class='ocr_carea' id='block_1_1' title="bbox 398 371 1211 518">
    <p class='ocr_par' dir='ltr' id='par_1_1' title="bbox 398 371 1211 518">
     <span class='ocr_line' id='line_1_1' title="bbox 398 371 1211 518; baseline 0.005 -36"><span class='ocrx_word' id='word_1_1' title='bbox 398 421 478 484; x_wconf 78' lang='lat' dir='ltr'>ura.</span> <span class='ocrx_word' id='word_1_2' title='bbox 512 413 570 482; x_wconf 85' lang='lat' dir='ltr'>m.</span> <span class='ocrx_word' id='word_1_3' title='bbox 610 371 703 484; x_wconf 79' lang='lat' dir='ltr'>car.</span> <span class='ocrx_word' id='word_1_4' title='bbox 731 391 908 518; x_wconf 81' lang='lat'><strong>25-27.</strong></span> <span class='ocrx_word' id='word_1_5' title='bbox 1115 388 1211 486; x_wconf 79' lang='lat'>503</span> 
     </span>
    </p>
   </div>
   <div class='ocr_carea' id='block_1_2' title="bbox 20 601 1271 3477">
    <p class='ocr_par' dir='ltr' id='par_1_2' title="bbox 20 601 1243 2226">
     <span class='ocr_line' id='line_1_2' title="bbox 89 601 1215 726; baseline 0.007 -31"><span class='ocrx_word' id='word_1_6' title='bbox 89 615 305 696; x_wconf 79' lang='lat' dir='ltr'>remissiore</span> <span class='ocrx_word' id='word_1_7' title='bbox 319 627 447 698; x_wconf 78' lang='lat' dir='ltr'>&#39;vento</span> <span class='ocrx_word' id='word_1_8' title='bbox 473 623 852 726; x_wconf 80' lang='lat' dir='ltr'><strong>adpropinquassent,</strong></span> <span class='ocrx_word' id='word_1_9' title='bbox 882 623 981 702; x_wconf 86' lang='lat' dir='ltr'>idem</span> <span class='ocrx_word' id='word_1_10' title='bbox 999 601 1129 704; x_wconf 70' lang='lat' dir='ltr'>austel¹</span> <span class='ocrx_word' id='word_1_11' title='bbox 1152 629 1215 704; x_wconf 81' lang='lat' dir='ltr'>in·</span> 
     </span>
     <span class='ocr_line' id='line_1_3' title="bbox 91 739 1217 842; baseline 0.009 -30"><span class='ocrx_word' id='word_1_12' title='bbox 91 739 242 813; x_wconf 83' lang='lat' dir='ltr'>crebuit</span> <span class='ocrx_word' id='word_1_13' title='bbox 271 741 464 838; x_wconf 78' lang='lat' dir='ltr'>notrisque</span> <span class='ocrx_word' id='word_1_14' title='bbox 494 741 679 842; x_wconf 86' lang='lat' dir='ltr'>praesidio</span> <span class='ocrx_word' id='word_1_15' title='bbox 712 742 797 816; x_wconf 85' lang='lat' dir='ltr'>luit.</span> <span class='ocrx_word' id='word_1_16' title='bbox 855 743 986 842; x_wconf 84' lang='lat' dir='ltr'>Neque</span> <span class='ocrx_word' id='word_1_17' title='bbox 1026 767 1116 820; x_wconf 85' lang='lat' dir='ltr'>vero</span> <span class='ocrx_word' id='word_1_18' title='bbox 1149 745 1217 822; x_wconf 82' lang='lat' dir='ltr'>illa</span> 
     </span>
     <span class='ocr_line' id='line_1_4' title="bbox 91 855 1213 951; baseline 0.008 -23"><span class='ocrx_word' id='word_1_19' title='bbox 91 855 143 928; x_wconf 93' lang='lat' dir='ltr'>ob</span> <span class='ocrx_word' id='word_1_20' title='bbox 179 879 262 930; x_wconf 90' lang='lat' dir='ltr'>eam</span> <span class='ocrx_word' id='word_1_21' title='bbox 294 879 468 930; x_wconf 81' lang='lat' dir='ltr'><strong>caussam</strong></span> <span class='ocrx_word' id='word_1_22' title='bbox 501 863 642 934; x_wconf 88' lang='lat' dir='ltr'>conatu</span> <span class='ocrx_word' id='word_1_23' title='bbox 679 857 907 951; x_wconf 76' lang='lat' dir='ltr'>desistebat,</span> <span class='ocrx_word' id='word_1_24' title='bbox 932 858 996 934; x_wconf 87' lang='lat' dir='ltr'>sed</span> <span class='ocrx_word' id='word_1_25' title='bbox 1020 858 1147 936; x_wconf 86' lang='lat' dir='ltr'>labore</span> <span class='ocrx_word' id='word_1_26' title='bbox 1173 869 1213 937; x_wconf 86' lang='lat' dir='ltr'>et</span> 
     </span>
     <span class='ocr_line' id='line_1_5' title="bbox 89 973 1215 1080; baseline 0.007 -34"><span class='ocrx_word' id='word_1_27' title='bbox 89 973 368 1074; x_wconf 86' lang='lat' dir='ltr'>perseverantia</span> <span class='ocrx_word' id='word_1_28' title='bbox 393 979 595 1048; x_wconf 89' lang='lat' dir='ltr'>nautarum</span> <span class='ocrx_word' id='word_1_29' title='bbox 614 999 652 1050; x_wconf 85' lang='lat' dir='ltr'>aa</span> <span class='ocrx_word' id='word_1_30' title='bbox 672 975 750 1050; x_wconf 89' lang='lat' dir='ltr'>vim</span> <span class='ocrx_word' id='word_1_31' title='bbox 776 978 1011 1077; x_wconf 76' lang='lat' dir='ltr'>tempestatis</span> <span class='ocrx_word' id='word_1_32' title='bbox 1036 1003 1215 1080; x_wconf 83' lang='lat' dir='ltr'>superare</span> 
     </span>
     <span class='ocr_line' id='line_1_6' title="bbox 89 1087 1209 1195; baseline 0.006 -35"><span class='ocrx_word' id='word_1_33' title='bbox 89 1113 199 1188; x_wconf 87' lang='lat' dir='ltr'>posse</span> <span class='ocrx_word' id='word_1_34' title='bbox 213 1087 401 1187; x_wconf 77' lang='lat' dir='ltr'>sperabat,</span> <span class='ocrx_word' id='word_1_35' title='bbox 415 1096 768 1189; x_wconf 79' lang='lat' dir='ltr'>praetervectosque</span> <span class='ocrx_word' id='word_1_36' title='bbox 781 1089 1057 1186; x_wconf 83' lang='lat' dir='ltr'>Dyrrhachium</span> <span class='ocrx_word' id='word_1_37' title='bbox 1071 1117 1209 1195; x_wconf 89' lang='lat' dir='ltr'>magna</span> 
     </span>
     <span class='ocr_line' id='line_1_7' title="bbox 90 1201 1215 1304; baseline 0.003 -28"><span class='ocrx_word' id='word_1_38' title='bbox 90 1203 132 1276; x_wconf 82' lang='lat' dir='ltr'>vi</span> <span class='ocrx_word' id='word_1_39' title='bbox 159 1204 262 1276; x_wconf 88' lang='lat' dir='ltr'>venti</span> <span class='ocrx_word' id='word_1_40' title='bbox 290 1201 405 1276; x_wconf 87' lang='lat' dir='ltr'>nihilo</span> <span class='ocrx_word' id='word_1_41' title='bbox 430 1205 552 1280; x_wconf 88' lang='lat' dir='ltr'>secius</span> <span class='ocrx_word' id='word_1_42' title='bbox 576 1205 813 1304; x_wconf 85' lang='lat' dir='ltr'>sequebahrr.</span> <span class='ocrx_word' id='word_1_43' title='bbox 838 1203 983 1296; x_wconf 86' lang='lat' dir='ltr'>Nostri,</span> <span class='ocrx_word' id='word_1_44' title='bbox 1008 1206 1065 1280; x_wconf 90' lang='lat' dir='ltr'>usi</span> <span class='ocrx_word' id='word_1_45' title='bbox 1092 1205 1215 1282; x_wconf 80' lang='lat' dir='ltr'>fortu-</span> 
     </span>
     <span class='ocr_line' id='line_1_8' title="bbox 20 1309 1215 1422; baseline 0.008 -33"><span class='ocrx_word' id='word_1_46' title='bbox 20 1309 27 1316; x_wconf 67' lang='grc'><strong>”</strong></span> <span class='ocrx_word' id='word_1_47' title='bbox 90 1343 163 1394; x_wconf 88' lang='lat' dir='ltr'>nae</span> <span class='ocrx_word' id='word_1_48' title='bbox 188 1319 396 1414; x_wconf 88' lang='lat' dir='ltr'>beneficio,</span> <span class='ocrx_word' id='word_1_49' title='bbox 429 1328 558 1398; x_wconf 87' lang='lat' dir='ltr'>tamen</span> <span class='ocrx_word' id='word_1_50' title='bbox 584 1323 756 1422; x_wconf 89' lang='lat' dir='ltr'>inpetum</span> <span class='ocrx_word' id='word_1_51' title='bbox 786 1321 911 1398; x_wconf 89' lang='lat' dir='ltr'>classis</span> <span class='ocrx_word' id='word_1_52' title='bbox 941 1323 1151 1414; x_wconf 85' lang='lat' dir='ltr'>timebant,</span> <span class='ocrx_word' id='word_1_53' title='bbox 1183 1325 1215 1398; x_wconf 88' lang='lat' dir='ltr'>si</span> 
     </span>
     <span class='ocr_line' id='line_1_9' title="bbox 90 1435 1215 1542; baseline 0.005 -32"><span class='ocrx_word' id='word_1_54' title='bbox 90 1435 190 1511; x_wconf 84' lang='lat' dir='ltr'>forte</span> <span class='ocrx_word' id='word_1_55' title='bbox 217 1443 354 1512; x_wconf 86' lang='lat' dir='ltr'>ventus</span> <span class='ocrx_word' id='word_1_56' title='bbox 377 1439 590 1512; x_wconf 83' lang='lat' dir='ltr'>remisisset.</span> <span class='ocrx_word' id='word_1_57' title='bbox 615 1439 727 1512; x_wconf 85' lang='lat' dir='ltr'>Nacti</span> <span class='ocrx_word' id='word_1_58' title='bbox 755 1443 931 1538; x_wconf 91' lang='lat' dir='ltr'>portum,</span> <span class='ocrx_word' id='word_1_59' title='bbox 957 1441 1021 1538; x_wconf 89' lang='lat' dir='ltr'>qui</span> <span class='ocrx_word' id='word_1_60' title='bbox 1047 1438 1215 1542; x_wconf 82' lang='lat' dir='ltr'>adpella-</span> 
     </span>
     <span class='ocr_line' id='line_1_10' title="bbox 90 1550 1215 1654; baseline 0.002 -28"><span class='ocrx_word' id='word_1_61' title='bbox 90 1555 157 1626; x_wconf 89' lang='lat' dir='ltr'>tur</span> <span class='ocrx_word' id='word_1_62' title='bbox 181 1551 471 1651; x_wconf 87' lang='lat' dir='ltr'>Nymphaeum,</span> <span class='ocrx_word' id='word_1_63' title='bbox 496 1550 597 1628; x_wconf 90' lang='lat' dir='ltr'>ultra</span> <span class='ocrx_word' id='word_1_64' title='bbox 621 1553 769 1630; x_wconf 85' lang='lat' dir='ltr'>Lissum</span> <span class='ocrx_word' id='word_1_65' title='bbox 788 1550 891 1628; x_wconf 84' lang='lat' dir='ltr'>milia</span> <span class='ocrx_word' id='word_1_66' title='bbox 908 1576 1086 1654; x_wconf 86' lang='lat' dir='ltr'>passuum</span> <span class='ocrx_word' id='word_1_67' title='bbox 1112 1554 1215 1648; x_wconf 88' lang='lat' dir='ltr'>tria,</span> 
     </span>
     <span class='ocr_line' id='line_1_11' title="bbox 93 1663 1217 1768; baseline 0.004 -30"><span class='ocrx_word' id='word_1_68' title='bbox 93 1689 139 1738; x_wconf 87' lang='lat' dir='ltr'>eo</span> <span class='ocrx_word' id='word_1_69' title='bbox 165 1687 280 1740; x_wconf 86' lang='lat' dir='ltr'>naves</span> <span class='ocrx_word' id='word_1_70' title='bbox 304 1663 621 1758; x_wconf 85' lang='lat' dir='ltr'>introduxerunt,</span> <span class='ocrx_word' id='word_1_71' title='bbox 646 1668 710 1764; x_wconf 86' lang='lat' dir='ltr'>qui</span> <span class='ocrx_word' id='word_1_72' title='bbox 736 1672 868 1768; x_wconf 88' lang='lat' dir='ltr'>portus</span> <span class='ocrx_word' id='word_1_73' title='bbox 907 1666 954 1743; x_wconf 82' lang='lat' dir='ltr'>ab</span> <span class='ocrx_word' id='word_1_74' title='bbox 993 1665 1116 1742; x_wconf 87' lang='lat' dir='ltr'>alrico</span> <span class='ocrx_word' id='word_1_75' title='bbox 1151 1669 1217 1742; x_wconf 87' lang='lat' dir='ltr'>te·</span> 
     </span>
     <span class='ocr_line' id='line_1_12' title="bbox 94 1779 1212 1882; baseline 0.003 -29"><span class='ocrx_word' id='word_1_76' title='bbox 94 1779 284 1880; x_wconf 88' lang='lat' dir='ltr'>gebatur,</span> <span class='ocrx_word' id='word_1_77' title='bbox 308 1783 355 1856; x_wconf 88' lang='lat' dir='ltr'>ab</span> <span class='ocrx_word' id='word_1_78' title='bbox 380 1788 509 1856; x_wconf 89' lang='lat' dir='ltr'>austro</span> <span class='ocrx_word' id='word_1_79' title='bbox 531 1805 608 1856; x_wconf 91' lang='lat' dir='ltr'>non</span> <span class='ocrx_word' id='word_1_80' title='bbox 632 1789 714 1858; x_wconf 87' lang='lat' dir='ltr'>erat</span> <span class='ocrx_word' id='word_1_81' title='bbox 737 1788 871 1872; x_wconf 87' lang='lat' dir='ltr'>tutus,</span> <span class='ocrx_word' id='word_1_82' title='bbox 895 1780 1088 1882; x_wconf 84' lang='lat' dir='ltr'>leviusque</span> <span class='ocrx_word' id='word_1_83' title='bbox 1114 1786 1212 1858; x_wconf 67' lang='lat' dir='ltr'>term</span> 
     </span>
     <span class='ocr_line' id='line_1_13' title="bbox 92 1895 1243 1996; baseline 0.002 -28"><span class='ocrx_word' id='word_1_84' title='bbox 92 1897 268 1993; x_wconf 87' lang='lat' dir='ltr'>pestatis‚</span> <span class='ocrx_word' id='word_1_85' title='bbox 307 1921 423 1996; x_wconf 90' lang='lat' dir='ltr'>quam</span> <span class='ocrx_word' id='word_1_86' title='bbox 459 1896 614 1988; x_wconf 82' lang='lat' dir='ltr'>classis,</span> <span class='ocrx_word' id='word_1_87' title='bbox 650 1895 860 1996; x_wconf 89' lang='lat' dir='ltr'>periculum</span> <span class='ocrx_word' id='word_1_88' title='bbox 900 1896 1243 1996; x_wconf 85' lang='lat' dir='ltr'>aestimaverunt..¹</span> 
     </span>
     <span class='ocr_line' id='line_1_14' title="bbox 93 2010 1214 2110; baseline 0.004 -26"><span class='ocrx_word' id='word_1_89' title='bbox 93 2012 179 2102; x_wconf 89' lang='lat' dir='ltr'>Quo</span> <span class='ocrx_word' id='word_1_90' title='bbox 197 2011 308 2086; x_wconf 87' lang='lat' dir='ltr'>simul</span> <span class='ocrx_word' id='word_1_91' title='bbox 326 2019 438 2110; x_wconf 89' lang='lat' dir='ltr'>atque</span> <span class='ocrx_word' id='word_1_92' title='bbox 456 2013 558 2085; x_wconf 90' lang='lat' dir='ltr'>intus</span> <span class='ocrx_word' id='word_1_93' title='bbox 576 2013 772 2103; x_wconf 81' lang='lat' dir='ltr'>astitum,</span> <span class='ocrx_word' id='word_1_94' title='bbox 797 2010 1004 2086; x_wconf 86' lang='lat' dir='ltr'>incredibili</span> <span class='ocrx_word' id='word_1_95' title='bbox 1030 2010 1214 2088; x_wconf 77' lang='lat' dir='ltr'>felicitate</span> 
     </span>
     <span class='ocr_line' id='line_1_15' title="bbox 94 2123 1207 2226; baseline 0.004 -30"><span class='ocrx_word' id='word_1_96' title='bbox 94 2129 235 2215; x_wconf 85' lang='lat' dir='ltr'>auster,</span> <span class='ocrx_word' id='word_1_97' title='bbox 252 2125 317 2224; x_wconf 91' lang='lat' dir='ltr'>qui</span> <span class='ocrx_word' id='word_1_98' title='bbox 335 2149 400 2226; x_wconf 90' lang='lat' dir='ltr'>per</span> <span class='ocrx_word' id='word_1_99' title='bbox 417 2125 576 2200; x_wconf 88' lang='lat' dir='ltr'>biduum</span> <span class='ocrx_word' id='word_1_100' title='bbox 594 2123 771 2215; x_wconf 86' lang='lat' dir='ltr'>flaverat,</span> <span class='ocrx_word' id='word_1_101' title='bbox 792 2127 832 2199; x_wconf 93' lang='lat' dir='ltr'>in</span> <span class='ocrx_word' id='word_1_102' title='bbox 849 2125 1007 2198; x_wconf 86' lang='lat' dir='ltr'>alricum</span> <span class='ocrx_word' id='word_1_103' title='bbox 1024 2149 1063 2199; x_wconf 89' lang='lat' dir='ltr'>se</span> <span class='ocrx_word' id='word_1_104' title='bbox 1077 2127 1207 2202; x_wconf 88' lang='lat' dir='ltr'>vertit.</span> 
     </span>
    </p>

    <p class='ocr_par' dir='ltr' id='par_1_3' title="bbox 85 2237 1271 3477">
     <span class='ocr_line' id='line_1_16' title="bbox 145 2237 1214 2331; baseline 0.007 -21"><span class='ocrx_word' id='word_1_105' title='bbox 145 2258 208 2331; x_wconf 81' lang='lat' dir='ltr'>ap.</span> <span class='ocrx_word' id='word_1_106' title='bbox 234 2239 305 2312; x_wconf 89' lang='lat' dir='ltr'>Hic</span> <span class='ocrx_word' id='word_1_107' title='bbox 332 2240 495 2314; x_wconf 88' lang='lat' dir='ltr'>subitam</span> <span class='ocrx_word' id='word_1_108' title='bbox 521 2241 860 2314; x_wconf 89' lang='lat' dir='ltr'>commutationem</span> <span class='ocrx_word' id='word_1_109' title='bbox 883 2237 1059 2314; x_wconf 72' lang='lat' dir='ltr'>romanae</span> <span class='ocrx_word' id='word_1_110' title='bbox 1085 2239 1214 2316; x_wconf 86' lang='lat' dir='ltr'>videre</span> 
     </span>
     <span class='ocr_line' id='line_1_17' title="bbox 90 2352 1211 2454; baseline 0.004 -28"><span class='ocrx_word' id='word_1_111' title='bbox 90 2352 212 2428; x_wconf 88' lang='lat' dir='ltr'>licuit.</span> <span class='ocrx_word' id='word_1_112' title='bbox 239 2356 312 2448; x_wconf 85' lang='lat' dir='ltr'>Qui</span> <span class='ocrx_word' id='word_1_113' title='bbox 331 2356 443 2429; x_wconf 90' lang='lat' dir='ltr'>modo</span> <span class='ocrx_word' id='word_1_114' title='bbox 463 2356 533 2429; x_wconf 85' lang='lat' dir='ltr'>sibi</span> <span class='ocrx_word' id='word_1_115' title='bbox 551 2355 786 2446; x_wconf 87' lang='lat' dir='ltr'>timuerant,</span> <span class='ocrx_word' id='word_1_116' title='bbox 810 2355 880 2428; x_wconf 88' lang='lat' dir='ltr'>hos</span> <span class='ocrx_word' id='word_1_117' title='bbox 900 2353 1113 2428; x_wconf 84' lang='lat' dir='ltr'>tutissimus</span> <span class='ocrx_word' id='word_1_118' title='bbox 1129 2379 1211 2454; x_wconf 92' lang='lat' dir='ltr'>por·</span> 
     </span>
     <span class='ocr_line' id='line_1_18' title="bbox 90 2467 1213 2572; baseline 0.004 -31"><span class='ocrx_word' id='word_1_119' title='bbox 90 2475 157 2542; x_wconf 90' lang='lat' dir='ltr'>tus</span> <span class='ocrx_word' id='word_1_120' title='bbox 180 2469 407 2572; x_wconf 89' lang='lat' dir='ltr'>recipiebat:</span> <span class='ocrx_word' id='word_1_121' title='bbox 440 2471 505 2570; x_wconf 91' lang='lat' dir='ltr'>qui</span> <span class='ocrx_word' id='word_1_122' title='bbox 532 2470 668 2546; x_wconf 89' lang='lat' dir='ltr'>nostris</span> <span class='ocrx_word' id='word_1_123' title='bbox 693 2469 852 2544; x_wconf 86' lang='lat' dir='ltr'>navibus</span> <span class='ocrx_word' id='word_1_124' title='bbox 876 2467 1084 2570; x_wconf 85' lang='lat' dir='ltr'>periculum</span> <span class='ocrx_word' id='word_1_125' title='bbox 1111 2471 1213 2546; x_wconf 89' lang='lat' dir='ltr'>intu-</span> 
     </span>
     <span class='ocr_line' id='line_1_19' title="bbox 88 2585 1213 2688; baseline 0.004 -27"><span class='ocrx_word' id='word_1_126' title='bbox 88 2585 238 2680; x_wconf 89' lang='lat' dir='ltr'>lerant,</span> <span class='ocrx_word' id='word_1_127' title='bbox 264 2587 310 2662; x_wconf 89' lang='lat' dir='ltr'>de</span> <span class='ocrx_word' id='word_1_128' title='bbox 336 2613 404 2662; x_wconf 91' lang='lat' dir='ltr'>suo</span> <span class='ocrx_word' id='word_1_129' title='bbox 429 2587 563 2678; x_wconf 83' lang='lat' dir='ltr'>timere</span> <span class='ocrx_word' id='word_1_130' title='bbox 589 2587 833 2688; x_wconf 81' lang='lat' dir='ltr'>cogebantur.</span> <span class='ocrx_word' id='word_1_131' title='bbox 859 2587 1014 2684; x_wconf 87' lang='lat' dir='ltr'>ltaque,</span> <span class='ocrx_word' id='word_1_132' title='bbox 1039 2592 1213 2688; x_wconf 86' lang='lat' dir='ltr'>tempore</span> 
     </span>
     <span class='ocr_line' id='line_1_20' title="bbox 92 2705 1271 2806; baseline 0.003 -26"><span class='ocrx_word' id='word_1_133' title='bbox 92 2712 356 2792; x_wconf 87' lang='lat' dir='ltr'>commutato,</span> <span class='ocrx_word' id='word_1_134' title='bbox 397 2710 600 2806; x_wconf 84' lang='lat' dir='ltr'>tempestas</span> <span class='ocrx_word' id='word_1_135' title='bbox 625 2709 665 2778; x_wconf 91' lang='lat' dir='ltr'>et</span> <span class='ocrx_word' id='word_1_136' title='bbox 689 2709 839 2778; x_wconf 90' lang='lat' dir='ltr'>nostros</span> <span class='ocrx_word' id='word_1_137' title='bbox 865 2705 989 2798; x_wconf 85' lang='lat' dir='ltr'>texit,</span> <span class='ocrx_word' id='word_1_138' title='bbox 1030 2712 1071 2780; x_wconf 90' lang='lat' dir='ltr'>et</span> <span class='ocrx_word' id='word_1_139' title='bbox 1095 2729 1214 2782; x_wconf 86' lang='lat' dir='ltr'>naves</span> <span class='ocrx_word' id='word_1_140' title='bbox 1269 2746 1271 2757; x_wconf 78' lang='lat'><em>=</em></span> 
     </span>
     <span class='ocr_line' id='line_1_21' title="bbox 89 2819 1212 2914; baseline 0.003 -16"><span class='ocrx_word' id='word_1_141' title='bbox 89 2823 257 2900; x_wconf 87' lang='lat' dir='ltr'>Rhodias</span> <span class='ocrx_word' id='word_1_142' title='bbox 281 2824 451 2914; x_wconf 77' lang='lat' dir='ltr'>adflixit,</span> <span class='ocrx_word' id='word_1_143' title='bbox 477 2823 531 2897; x_wconf 90' lang='lat' dir='ltr'>ita</span> <span class='ocrx_word' id='word_1_144' title='bbox 555 2827 601 2896; x_wconf 87' lang='lat' dir='ltr'>ut</span> <span class='ocrx_word' id='word_1_145' title='bbox 626 2819 815 2894; x_wconf 89' lang='lat' dir='ltr'>adunam</span> <span class='ocrx_word' id='word_1_146' title='bbox 841 2845 971 2896; x_wconf 85' lang='lat' dir='ltr'>omnes</span> <span class='ocrx_word' id='word_1_147' title='bbox 996 2829 1212 2900; x_wconf 86' lang='lat' dir='ltr'>constratae</span> 
     </span>
     <span class='ocr_line' id='line_1_22' title="bbox 91 2935 1215 3038; baseline 0.004 -27"><span class='ocrx_word' id='word_1_148' title='bbox 91 2961 250 3012; x_wconf 86' lang='lat' dir='ltr'>numero</span> <span class='ocrx_word' id='word_1_149' title='bbox 276 2939 462 3030; x_wconf 88' lang='lat' dir='ltr'>sedecim,</span> <span class='ocrx_word' id='word_1_150' title='bbox 485 2937 710 3012; x_wconf 88' lang='lat' dir='ltr'>eliderentur</span> <span class='ocrx_word' id='word_1_151' title='bbox 728 2942 767 3008; x_wconf 89' lang='lat' dir='ltr'>at</span> <span class='ocrx_word' id='word_1_152' title='bbox 792 2935 986 3038; x_wconf 86' lang='lat' dir='ltr'>naufragio</span> <span class='ocrx_word' id='word_1_153' title='bbox 1012 2937 1215 3016; x_wconf 88' lang='lat' dir='ltr'>interirent</span> 
     </span>
     <span class='ocr_line' id='line_1_23' title="bbox 89 3055 1233 3164; baseline 0.003 -38"><span class='ocrx_word' id='word_1_154' title='bbox 89 3060 130 3126; x_wconf 90' lang='lat' dir='ltr'>et</span> <span class='ocrx_word' id='word_1_155' title='bbox 164 3079 210 3128; x_wconf 84' lang='lat' dir='ltr'>ex</span> <span class='ocrx_word' id='word_1_156' title='bbox 236 3079 373 3156; x_wconf 85' lang='lat' dir='ltr'>magno</span> <span class='ocrx_word' id='word_1_157' title='bbox 399 3055 582 3152; x_wconf 83' lang='lat' dir='ltr'>remigum</span> <span class='ocrx_word' id='word_1_158' title='bbox 618 3058 1017 3152; x_wconf 79' lang='lat' dir='ltr'>propugnatorumque</span> <span class='ocrx_word' id='word_1_159' title='bbox 1051 3079 1233 3164; x_wconf 81' lang='lat' dir='ltr'>numero¹</span> 
     </span>
     <span class='ocr_line' id='line_1_24' title="bbox 86 3166 1208 3268; baseline 0.002 -26"><span class='ocrx_word' id='word_1_160' title='bbox 86 3193 174 3266; x_wconf 86' lang='lat' dir='ltr'>pars</span> <span class='ocrx_word' id='word_1_161' title='bbox 193 3169 239 3244; x_wconf 90' lang='lat' dir='ltr'>ad</span> <span class='ocrx_word' id='word_1_162' title='bbox 257 3169 429 3268; x_wconf 90' lang='lat' dir='ltr'>scopulos</span> <span class='ocrx_word' id='word_1_163' title='bbox 447 3167 562 3242; x_wconf 87' lang='lat' dir='ltr'>adlisa</span> <span class='ocrx_word' id='word_1_164' title='bbox 578 3166 875 3256; x_wconf 88' lang='lat' dir='ltr'>interficeretur,</span> <span class='ocrx_word' id='word_1_165' title='bbox 901 3191 986 3266; x_wconf 89' lang='lat' dir='ltr'>pars</span> <span class='ocrx_word' id='word_1_166' title='bbox 1003 3166 1051 3240; x_wconf 89' lang='lat' dir='ltr'>ab</span> <span class='ocrx_word' id='word_1_167' title='bbox 1069 3171 1208 3244; x_wconf 67' lang='lat' dir='ltr'>noemia</span> 
     </span>
     <span class='ocr_line' id='line_1_25' title="bbox 85 3279 1211 3384; baseline 0.003 -29"><span class='ocrx_word' id='word_1_168' title='bbox 85 3283 368 3360; x_wconf 88' lang='lat' dir='ltr'>detraheretur:</span> <span class='ocrx_word' id='word_1_169' title='bbox 387 3307 481 3384; x_wconf 86' lang='lat' dir='ltr'>quos</span> <span class='ocrx_word' id='word_1_170' title='bbox 499 3305 627 3358; x_wconf 89' lang='lat' dir='ltr'>omues</span> <span class='ocrx_word' id='word_1_171' title='bbox 642 3287 883 3358; x_wconf 86' lang='lat' dir='ltr'>conservatos</span> <span class='ocrx_word' id='word_1_172' title='bbox 898 3280 1033 3354; x_wconf 89' lang='lat' dir='ltr'>Caesar</span> <span class='ocrx_word' id='word_1_173' title='bbox 1049 3279 1211 3358; x_wconf 83' lang='lat' dir='ltr'>domum</span> 
     </span>
     <span class='ocr_line' id='line_1_26' title="bbox 85 3403 244 3477; baseline -0.006 -1"><span class='ocrx_word' id='word_1_174' title='bbox 85 3403 244 3477; x_wconf 89' lang='lat' dir='ltr'>remisit.</span> 
     </span>
    </p>
   </div>
   <div class='ocr_carea' id='block_1_3' title="bbox 90 3585 1214 3796">
    <p class='ocr_par' dir='ltr' id='par_1_4' title="bbox 90 3585 1214 3796">
     <span class='ocr_line' id='line_1_27' title="bbox 123 3585 1206 3712; baseline 0 -68"><span class='ocrx_word' id='word_1_175' title='bbox 123 3590 383 3712; x_wconf 60' lang='lat' dir='ltr'>appropinquassent.</span> <span class='ocrx_word' id='word_1_176' title='bbox 438 3589 616 3646; x_wconf 73' lang='lat' dir='ltr'>&amp;linares</span> <span class='ocrx_word' id='word_1_177' title='bbox 681 3587 795 3672; x_wconf 57' lang='lat' dir='ltr'>girabat</span> <span class='ocrx_word' id='word_1_178' title='bbox 810 3591 879 3672; x_wconf 71' lang='lat' dir='ltr'>inan</span> <span class='ocrx_word' id='word_1_179' title='bbox 895 3587 999 3640; x_wconf 72' lang='lat' dir='ltr'>deduci.</span> <span class='ocrx_word' id='word_1_180' title='bbox 1015 3585 1107 3642; x_wconf 79' lang='lat' dir='ltr'>Galam</span> <span class='ocrx_word' id='word_1_181' title='bbox 1123 3603 1141 3658; x_wconf 85' lang='lat'>7</span> <span class='ocrx_word' id='word_1_182' title='bbox 1143 3591 1206 3712; x_wconf 40' lang='lat' dir='ltr'>Aa</span> 
     </span>
     <span class='ocr_line' id='line_1_28' title="bbox 90 3654 1214 3796; baseline -0.005 -14"><span class='ocrx_word' id='word_1_183' title='bbox 90 3657 314 3796; x_wconf 51' lang='lat' dir='ltr'>nllyhp‘fumm</span> <span class='ocrx_word' id='word_1_184' title='bbox 341 3725 385 3778; x_wconf 89' lang='lat' dir='ltr'>lbi</span> <span class='ocrx_word' id='word_1_185' title='bbox 409 3731 436 3777; x_wconf 81' lang='lat' dir='ltr'>ct</span> <span class='ocrx_word' id='word_1_186' title='bbox 453 3741 533 3794; x_wconf 77' lang='lat' dir='ltr'>rupes</span> <span class='ocrx_word' id='word_1_187' title='bbox 550 3725 623 3795; x_wconf 68' lang='lat' dir='ltr'>igni.</span> <span class='ocrx_word' id='word_1_188' title='bbox 680 3657 1011 3788; x_wconf 47' lang='lat' dir='ltr'>llrlheelawtmmlld&#39;cotfflt</span> <span class='ocrx_word' id='word_1_189' title='bbox 1026 3654 1142 3776; x_wconf 40' lang='lat' dir='ltr'>&amp;plotae</span> <span class='ocrx_word' id='word_1_190' title='bbox 1197 3683 1214 3752; x_wconf 38' lang='lat' dir='ltr'>a·</span> 
     </span>
    </p>
   </div>
   <div class='ocr_carea' id='block_1_4' title="bbox 86 3791 1132 3916">
    <p class='ocr_par' dir='ltr' id='par_1_5' title="bbox 86 3791 1132 3916">
     <span class='ocr_line' id='line_1_29' title="bbox 86 3791 1132 3916; baseline 0.026 -68"><span class='ocrx_word' id='word_1_191' title='bbox 86 3803 231 3916; x_wconf 45' lang='lat' dir='ltr'>{⁰3¹⁰ss</span> <span class='ocrx_word' id='word_1_192' title='bbox 252 3793 464 3916; x_wconf 42' lang='lat' dir='ltr'>lzllgfflfflffis</span> <span class='ocrx_word' id='word_1_193' title='bbox 472 3791 615 3914; x_wconf 47' lang='grc' dir='ltr'>’311ῧίοῗ</span> <span class='ocrx_word' id='word_1_194' title='bbox 640 3805 646 3813; x_wconf 52' lang='lat'>⁸</span> <span class='ocrx_word' id='word_1_195' title='bbox 712 3819 879 3872; x_wconf 80' lang='lat' dir='ltr'>eliderenmr.</span> <span class='ocrx_word' id='word_1_196' title='bbox 896 3820 966 3872; x_wconf 81' lang='lat' dir='ltr'>inter</span> <span class='ocrx_word' id='word_1_197' title='bbox 982 3815 1132 3892; x_wconf 71' lang='lat' dir='ltr'>conpulsa·</span> 
     </span>
    </p>
   </div>
   <div class='ocr_carea' id='block_1_5' title="bbox 86 3919 1211 4534">
    <p class='ocr_par' dir='ltr' id='par_1_6' title="bbox 86 3919 1211 4534">
     <span class='ocr_line' id='line_1_30' title="bbox 87 3919 1208 4002; baseline -0.006 -19"><span class='ocrx_word' id='word_1_198' title='bbox 87 3928 163 3984; x_wconf 86' lang='lat' dir='ltr'>Casa.</span> <span class='ocrx_word' id='word_1_199' title='bbox 181 3937 234 3992; x_wconf 74' lang='lat'>41,</span> <span class='ocrx_word' id='word_1_200' title='bbox 252 3933 292 3993; x_wconf 76' lang='lat'>⁴⁵·</span> <span class='ocrx_word' id='word_1_201' title='bbox 310 3929 354 3981; x_wconf 87' lang='lat' dir='ltr'>M.</span> <span class='ocrx_word' id='word_1_202' title='bbox 713 3921 913 3976; x_wconf 73' lang='lat' dir='ltr'>dtrmahorcau.</span> <span class='ocrx_word' id='word_1_203' title='bbox 936 3919 1058 3976; x_wconf 75' lang='lat' dir='ltr'>Clnrlrim</span> <span class='ocrx_word' id='word_1_204' title='bbox 1074 3919 1208 4002; x_wconf 72' lang='lat' dir='ltr'>explicat,</span> 
     </span>
     <span class='ocr_line' id='line_1_31' title="bbox 121 3988 1209 4065; baseline -0.005 -17"><span class='ocrx_word' id='word_1_205' title='bbox 121 3996 231 4057; x_wconf 69' lang='lat' dir='ltr'>usam,</span> <span class='ocrx_word' id='word_1_206' title='bbox 256 3995 320 4049; x_wconf 81' lang='lat' dir='ltr'>urha</span> <span class='ocrx_word' id='word_1_207' title='bbox 342 3994 438 4048; x_wconf 83' lang='lat' dir='ltr'>ultima</span> <span class='ocrx_word' id='word_1_208' title='bbox 461 3993 562 4065; x_wconf 79' lang='lat' dir='ltr'>lllyrici</span> <span class='ocrx_word' id='word_1_209' title='bbox 579 3993 614 4048; x_wconf 90' lang='lat' dir='ltr'>ad</span> <span class='ocrx_word' id='word_1_210' title='bbox 680 3991 949 4061; x_wconf 62' lang='lat' dir='ltr'>supersimplicatur.</span> <span class='ocrx_word' id='word_1_211' title='bbox 966 3988 1018 4042; x_wconf 85' lang='lat' dir='ltr'>Vix</span> <span class='ocrx_word' id='word_1_212' title='bbox 1034 3991 1072 4042; x_wconf 85' lang='lat' dir='ltr'>ita</span> <span class='ocrx_word' id='word_1_213' title='bbox 1089 3989 1141 4043; x_wconf 79' lang='lat' dir='ltr'>daci</span> <span class='ocrx_word' id='word_1_214' title='bbox 1156 3994 1209 4044; x_wconf 85' lang='lat' dir='ltr'>boc</span> 
     </span>
     <span class='ocr_line' id='line_1_32' title="bbox 86 4055 1208 4128; baseline -0.007 -10"><span class='ocrx_word' id='word_1_215' title='bbox 86 4061 280 4118; x_wconf 70' lang='lat' dir='ltr'>Macedoniam.</span> <span class='ocrx_word' id='word_1_216' title='bbox 298 4061 397 4116; x_wconf 78' lang='lat' dir='ltr'>Gellar.</span> <span class='ocrx_word' id='word_1_217' title='bbox 682 4067 779 4128; x_wconf 75' lang='lat' dir='ltr'>potest.</span> <span class='ocrx_word' id='word_1_218' title='bbox 793 4057 865 4110; x_wconf 88' lang='lat' dir='ltr'>Oud.</span> <span class='ocrx_word' id='word_1_219' title='bbox 876 4056 1058 4108; x_wconf 67' lang='lat' dir='ltr'>detraheretur</span> <span class='ocrx_word' id='word_1_220' title='bbox 1074 4075 1090 4108; x_wconf 75' lang='lat' dir='ltr'>a</span> <span class='ocrx_word' id='word_1_221' title='bbox 1104 4055 1208 4110; x_wconf 66' lang='lat' dir='ltr'>duobus</span> 
     </span>
     <span class='ocr_line' id='line_1_33' title="bbox 120 4121 1209 4202; baseline -0.004 -20"><span class='ocrx_word' id='word_1_222' title='bbox 120 4143 213 4198; x_wconf 81' lang='lat' dir='ltr'>portur</span> <span class='ocrx_word' id='word_1_223' title='bbox 236 4131 270 4182; x_wconf 83' lang='lat' dir='ltr'>ab</span> <span class='ocrx_word' id='word_1_224' title='bbox 291 4131 374 4202; x_wconf 77' lang='lat' dir='ltr'>astion</span> <span class='ocrx_word' id='word_1_225' title='bbox 398 4139 447 4199; x_wconf 80' lang='lat' dir='ltr'>reg.</span> <span class='ocrx_word' id='word_1_226' title='bbox 473 4127 614 4199; x_wconf 81' lang='lat' dir='ltr'>Perparam</span> <span class='ocrx_word' id='word_1_227' title='bbox 680 4123 758 4180; x_wconf 83' lang='lat' dir='ltr'>codd.</span> <span class='ocrx_word' id='word_1_228' title='bbox 787 4123 838 4194; x_wconf 77' lang='lat' dir='ltr'>lagi</span> <span class='ocrx_word' id='word_1_229' title='bbox 868 4123 942 4183; x_wconf 77' lang='lat' dir='ltr'>vult.</span> <span class='ocrx_word' id='word_1_230' title='bbox 971 4131 999 4176; x_wconf 82' lang='lat' dir='ltr'>at</span> <span class='ocrx_word' id='word_1_231' title='bbox 1026 4121 1160 4190; x_wconf 75' lang='lat' dir='ltr'>exlicat,</span> <span class='ocrx_word' id='word_1_232' title='bbox 1191 4141 1209 4178; x_wconf 80' lang='lat' dir='ltr'>a</span> 
     </span>
     <span class='ocr_line' id='line_1_34' title="bbox 88 4185 1211 4272; baseline -0.005 -22"><span class='ocrx_word' id='word_1_233' title='bbox 88 4197 228 4251; x_wconf 77' lang='lat' dir='ltr'>Lucanum</span> <span class='ocrx_word' id='word_1_234' title='bbox 255 4196 431 4252; x_wconf 80' lang='lat' dir='ltr'>contradicam</span> <span class='ocrx_word' id='word_1_235' title='bbox 455 4185 560 4250; x_wconf 76' lang='lat' dir='ltr'>Caesari</span> <span class='ocrx_word' id='word_1_236' title='bbox 577 4203 592 4249; x_wconf 78' lang='lat'><strong>5</strong></span> <span class='ocrx_word' id='word_1_237' title='bbox 603 4234 613 4259; x_wconf 92' lang='lat'>,</span> <span class='ocrx_word' id='word_1_238' title='bbox 679 4191 795 4272; x_wconf 79' lang='lat' dir='ltr'>scapulis</span> <span class='ocrx_word' id='word_1_239' title='bbox 812 4193 942 4271; x_wconf 67' lang='lat' dir='ltr'>dabantur</span> <span class='ocrx_word' id='word_1_240' title='bbox 958 4207 1023 4244; x_wconf 77' lang='lat' dir='ltr'>ease.</span> <span class='ocrx_word' id='word_1_241' title='bbox 1075 4207 1117 4242; x_wconf 78' lang='lat' dir='ltr'>aa.</span> <span class='ocrx_word' id='word_1_242' title='bbox 1153 4189 1211 4244; x_wconf 68' lang='grc' dir='ltr'>Ην</span> 
     </span>
     <span class='ocr_line' id='line_1_35' title="bbox 86 4255 1209 4331; baseline -0.008 -13"><span class='ocrx_word' id='word_1_243' title='bbox 86 4281 150 4331; x_wconf 68' lang='lat'>720,</span> <span class='ocrx_word' id='word_1_244' title='bbox 171 4273 262 4318; x_wconf 78' lang='lat' dir='ltr'>censet</span> <span class='ocrx_word' id='word_1_245' title='bbox 282 4263 373 4318; x_wconf 81' lang='lat' dir='ltr'>Daris.</span> <span class='ocrx_word' id='word_1_246' title='bbox 399 4263 433 4318; x_wconf 92' lang='lat' dir='ltr'>V.</span> <span class='ocrx_word' id='word_1_247' title='bbox 450 4261 613 4318; x_wconf 80' lang='lat' dir='ltr'>Burmaauus</span> <span class='ocrx_word' id='word_1_248' title='bbox 679 4262 762 4314; x_wconf 80' lang='lat' dir='ltr'>vinus</span> <span class='ocrx_word' id='word_1_249' title='bbox 789 4267 918 4328; x_wconf 79' lang='lat' dir='ltr'>corngrt,</span> <span class='ocrx_word' id='word_1_250' title='bbox 947 4255 1152 4320; x_wconf 67' lang='lat' dir='ltr'>exuam,</span> <span class='ocrx_word' id='word_1_251' title='bbox 1177 4265 1209 4310; x_wconf 74' lang='lat' dir='ltr'>aa</span> 
     </span>
     <span class='ocr_line' id='line_1_36' title="bbox 86 4323 1207 4398; baseline -0.008 -12"><span class='ocrx_word' id='word_1_252' title='bbox 86 4333 122 4388; x_wconf 82' lang='lat' dir='ltr'>ad</span> <span class='ocrx_word' id='word_1_253' title='bbox 139 4349 200 4384; x_wconf 80' lang='lat' dir='ltr'>mm</span> <span class='ocrx_word' id='word_1_254' title='bbox 217 4330 314 4384; x_wconf 83' lang='lat' dir='ltr'>locum.</span> <span class='ocrx_word' id='word_1_255' title='bbox 680 4345 713 4380; x_wconf 81' lang='lat' dir='ltr'>ex</span> <span class='ocrx_word' id='word_1_256' title='bbox 741 4343 806 4398; x_wconf 79' lang='lat' dir='ltr'>aqam</span> <span class='ocrx_word' id='word_1_257' title='bbox 834 4333 962 4380; x_wconf 71' lang='lat' dir='ltr'>sxtrmtoa</span> <span class='ocrx_word' id='word_1_258' title='bbox 990 4323 1076 4380; x_wconf 79' lang='lat' dir='ltr'>inubi</span> <span class='ocrx_word' id='word_1_259' title='bbox 1095 4325 1125 4378; x_wconf 81' lang='lat' dir='ltr'>&#39;t.</span> <span class='ocrx_word' id='word_1_260' title='bbox 1165 4325 1207 4396; x_wconf 51' lang='lat' dir='ltr'><em>K</em></span> 
     </span>
     <span class='ocr_line' id='line_1_37' title="bbox 122 4341 1210 4455; baseline -0.006 -4"><span class='ocrx_word' id='word_1_261' title='bbox 122 4403 192 4451; x_wconf 75' lang='lat' dir='ltr'>intur</span> <span class='ocrx_word' id='word_1_262' title='bbox 216 4410 255 4450; x_wconf 81' lang='lat' dir='ltr'>est</span> <span class='ocrx_word' id='word_1_263' title='bbox 279 4402 351 4449; x_wconf 85' lang='lat' dir='ltr'>imm.</span> <span class='ocrx_word' id='word_1_264' title='bbox 384 4399 531 4452; x_wconf 83' lang='lat' dir='ltr'>Dicendum</span> <span class='ocrx_word' id='word_1_265' title='bbox 557 4406 614 4450; x_wconf 83' lang='lat' dir='ltr'>erat</span> <span class='ocrx_word' id='word_1_266' title='bbox 680 4394 716 4446; x_wconf 83' lang='lat' dir='ltr'>lle</span> <span class='ocrx_word' id='word_1_267' title='bbox 755 4395 796 4446; x_wconf 87' lang='lat' dir='ltr'>sui</span> <span class='ocrx_word' id='word_1_268' title='bbox 818 4393 1014 4455; x_wconf 76' lang='lat' dir='ltr'>detrahar-amr,</span> <span class='ocrx_word' id='word_1_269' title='bbox 1036 4341 1125 4446; x_wconf 53' lang='lat' dir='ltr'>rufa</span> <span class='ocrx_word' id='word_1_270' title='bbox 1148 4405 1210 4448; x_wconf 69' lang='lat' dir='ltr'>acas</span> 
     </span>
     <span class='ocr_line' id='line_1_38' title="bbox 87 4411 1140 4534; baseline -0.01 -12"><span class='ocrx_word' id='word_1_271' title='bbox 87 4469 170 4522; x_wconf 76' lang='lat' dir='ltr'>iratro.</span> <span class='ocrx_word' id='word_1_272' title='bbox 190 4464 245 4523; x_wconf 81' lang='lat' dir='ltr'>sed</span> <span class='ocrx_word' id='word_1_273' title='bbox 266 4473 297 4524; x_wconf 76' lang='lat' dir='ltr'>et</span> <span class='ocrx_word' id='word_1_274' title='bbox 313 4463 420 4520; x_wconf 86' lang='lat' dir='ltr'>Plautus</span> <span class='ocrx_word' id='word_1_275' title='bbox 442 4467 501 4521; x_wconf 79' lang='lat' dir='ltr'>Cau.</span> <span class='ocrx_word' id='word_1_276' title='bbox 525 4471 539 4516; x_wconf 89' lang='grc'><strong>5</strong></span> <span class='ocrx_word' id='word_1_277' title='bbox 550 4502 559 4528; x_wconf 83' lang='grc'><strong><em>,</em></strong></span> <span class='ocrx_word' id='word_1_278' title='bbox 577 4481 609 4530; x_wconf 85' lang='lat'>2,</span> <span class='ocrx_word' id='word_1_279' title='bbox 681 4411 770 4534; x_wconf 52' lang='grc' dir='ltr'>ρυῖ,</span> <span class='ocrx_word' id='word_1_280' title='bbox 787 4459 883 4532; x_wconf 82' lang='lat' dir='ltr'>quihus</span> <span class='ocrx_word' id='word_1_281' title='bbox 900 4456 1091 4534; x_wconf 70' lang='lat' dir='ltr'>lalldchutar.</span> <span class='ocrx_word' id='word_1_282' title='bbox 1131 4485 1140 4500; x_wconf 56' lang='lat' dir='ltr'>e</span> 
     </span>
    </p>
   </div>
   <div class='ocr_carea' id='block_1_6' title="bbox 0 0 1534 5276">
    <p class='ocr_par' dir='ltr' id='par_1_7' title="bbox 0 0 1534 5276">
     <span class='ocr_line' id='line_1_39' title="bbox 0 0 1534 5276; baseline 0 1"><span class='ocrx_word' id='word_1_283' title='bbox 0 0 1534 5276; x_wconf 95' lang='lat' dir='ltr'> </span> 
     </span>
    </p>
   </div>
  </div>
 </body>
</html>
