3026 5264
324 301 420 396 352
691 334 746 394 on
779 336 915 398 nunno
949 337 1074 398 cano.

321 535 478 610 tionem.
503 531 764 610 Contendebat
788 537 886 610 enim
913 537 1034 639 gratia
1053 557 1170 634 quum
1189 532 1353 610 libenter
1372 559 1443 636 pro

323 653 475 726 bomine
499 651 568 726 sibi
595 653 921 744 coniunctissimo,
948 677 1060 751 quern
1087 651 1211 752 paullo
1230 660 1320 725 ante
1340 679 1446 751 prae·

323 771 478 850 miserat
504 769 551 844 ad
577 771 824 868 petitionem,
853 777 936 844 tum
962 773 1101 846 acriter
1135 777 1268 845 contra
1304 771 1443 844 faotio-

324 911 412 960 nem
438 891 477 958 et
504 887 711 984 potentiam
751 911 985 986 paucorum,
1024 891 1088 984 qui
1126 888 1180 960 M.
1207 885 1364 962 Antonii
1390 913 1445 960 re·

324 997 447 1100 pulsa,
464 997 630 1072 Caesaris
644 999 856 1074 decedentis
883 1001 1092 1074 convellere
1118 1001 1280 1100 gratiam
1315 1003 1439 1098 cupie-

324 1115 428 1186 bant.
454 1111 565 1186 Hunc
593 1117 661 1187 etsi
689 1117 880 1216 Augurem
907 1117 1009 1216 prius
1036 1117 1204 1202 factum,
1232 1138 1348 1211 qoam
1368 1116 1440 1187 lta·

324 1226 416 1302 liam
442 1228 679 1328 adtingeret,
716 1231 755 1304 in
793 1233 926 1304 itinere
966 1231 1158 1306 audierat:
1200 1237 1329 1304 tamen
1371 1256 1442 1302 non

324 1348 450 1420 minus
477 1347 611 1418 iustam
638 1347 705 1420 sibi
725 1371 894 1420 caussam
922 1347 1126 1445 municipia
1144 1353 1183 1420 ct
1201 1346 1368 1420 colonias
1385 1348 1447 1419 ad·

326 1459 438 1535 eurrdi
465 1461 720 1552 existimavit,
747 1467 790 1535 ut
816 1463 859 1534 iis
886 1464 1025 1562 gratias
1053 1465 1206 1562 ageret,
1232 1459 1334 1557 qood
1373 1461 1446 1532 tre·

326 1575 520 1676 quentiam
547 1582 659 1673 atque
685 1573 853 1652 officium
893 1601 1004 1650 suom
1039 1577 1206 1652 Antonio
1240 1579 1446 1676 praestitis-

326 1701 435 1778 sent;
462 1691 646 1789 simulque
671 1717 709 1766 se
737 1699 776 1766 et
810 1689 993 1767 bonorem
1031 1719 1141 1766 suum
1181 1696 1220 1767 in
1254 1697 1443 1791 sequentis

312 1809 413 1880 'anni
442 1807 724 1880 commendaret
751 1809 952 1906 petitione,
978 1815 1174 1908 propterea
1214 1807 1315 1904 quod
1350 1811 1446 1881 inso-

324 1919 448 2000 lenter
474 1919 675 1994 adversarii
703 1925 758 1995 sui
785 1922 1054 2024 gloriarentur,
1094 1925 1136 1996 L.
1170 1919 1375 1994 Lentulum
1410 1927 1446 1994 et

327 2035 370 2114 C.
398 2035 621 2110 Marcellum
647 2039 749 2112 Coss.
777 2047 951 2130 creatos,
988 2039 1052 2136 qni
1087 2063 1237 2126 omnem
1266 2037 1445 2110 honorem

295 2209 298 2215 ψ
327 2161 368 2230 et
395 2153 617 2255 dignitatem
643 2155 810 2230 Caesaris
828 2155 1098 2256 exspoliarent;
1127 2161 1298 2253 ereptum
1316 2157 1445 2256 Sergio

330 2269 472 2344 Galbae
498 2267 772 2360 Consulatum,
798 2295 916 2368 quum
942 2271 972 2343 is
991 2269 1114 2343 molto
1133 2267 1215 2368 plus
1232 2269 1356 2369 gratia
1373 2268 1444 2342 suf-

319 2384 526 2484 fragiisque
555 2383 751 2473 valuisset,
778 2383 879 2481 quod
906 2383 974 2458 sibi
1001 2377 1225 2457 coniunctus
1265 2387 1306 2456 et
1339 2381 1445 2455 fami-

327 2499 492 2576 liaritate
518 2506 558 2574 et
585 2499 855 2573 necessitudine
880 2497 1077 2602 legationis
1103 2508 1211 2575 esset.

381 2617 442 2686 51.
468 2613 658 2714 Exceptus
685 2621 742 2688 est
768 2615 934 2688 Caesaris
968 2615 1152 2689 adventus
1192 2615 1238 2688 ab
1274 2615 1447 2688 omnibus

329 2731 542 2830 municipiis
559 2737 599 2803 et
616 2729 770 2804 coloniis
787 2731 993 2806 incredibili
1013 2731 1153 2805 bonore
1173 2737 1286 2830 atque
1305 2757 1443 2806 amore:

330 3045 434 3094 rentru:
452 3057 532 3109 qnam
555 3037 640 3108 legen
663 3040 714 3093 etei
733 3039 857 3094 Cornelia

330 3109 372 3162 lex
397 3108 555 3166 sustulerat,
573 3109 690 3159 restituit
715 3110 803 3159 mme'n
822 3110 855 3158 A.

328 3177 363 3228 V.
380 3179 396 3227 6
418 3194 427 3226 ι
447 3175 593 3236 Labienus,
606 3173 744 3228 Tribunus
782 3175 857 3227 lehis.

330 3243 372 3296 Cl-
390 3195 491 3296 dubria.
508 3241 543 3295 ad
558 3243 639 3294 Dion.
662 3241 734 3294 Cass.
770 3258 796 3306 7,
816 3241 857 3304 37.

285 3367 291 3378 ,
330 3321 358 3364 et
373 3311 479 3364 Ernesti
503 3309 580 3362 Clau.
605 3309 662 3362 Cic.
679 3311 709 3362 iu
726 3310 782 3361 Lex
803 3309 858 3360 Do-

329 3382 412 3431 mitia.
430 3377 473 3430 M.

364 3455 541 3509 Contendebat
560 3461 661 3527 gratim
682 3475 731 3527 qua
756 3454 860 3508 valebat

331 3543 346 3576 a
367 3523 404 3577 ud
420 3523 536 3578 colonius
554 3533 581 3576 et
597 3523 749 3594 mrsuicipia.
787 3523 859 3576 Male

329 3543 450 3645 (drumm
472 3600 501 3644 et
522 3590 636 3660 Scaliger
658 3590 794 3644 abundem
815 3609 860 3642 vo·

330 3677 388 3713 cem
402 3663 492 3728 gratio
509 3657 647 3728 putebant.

364 3749 505 3802 decedentis
517 3747 550 3802 de
562 3751 705 3820 provincia.
721 3747 860 3802 cellarios.

331 3817 404 3890 Quia
420 3836 483 3870 vero
495 3837 509 3870 e
521 3816 624 3888 repulse
639 3818 754 3870 Antonii
772 3818 862 3886 potuit

330 3885 457 3955 intelligi.
467 3885 603 3938 &eornm
616 3903 708 3956 pamm
716 3883 801 3937 valera
811 3902 860 3938 oua

331 3953 576 4018 commendatione;
601 3953 735 4004 inminuta
754 3961 782 4004 et
798 3969 861 4004 cou-

331 4017 403 4072 vulea
420 4029 461 4072 est
477 4021 569 4090 opiuio
587 4019 619 4074 de
636 4019 755 4072 Caesaris
778 4019 860 4090 gratia

330 4095 360 4138 et
375 4087 495 4156 potentia
511 4087 585 4157 apud
601 4105 702 4142 omues·
718 4087 758 4138 M.

365 4169 561 4228 mmmmm.
618 4169 711 4226 uiam
726 4177 796 4222 reete
812 4167 862 4222 adii

330 4235 557 4290 amarae

366 4313 588 4368 oear.ao1m.
620 4317 737 4370 Fuerunt
754 4315 829 4372 Coss·
845 4335 862 4370 r

333 4374 587 4448 mRWCAE

955 3043 1002 3106 qui
1018 3067 1050 3080 ·-
1067 3039 1165 3108 erepet.
1209 3039 1305 3112 Vulgo,
1321 3045 1367 3110 qui
1384 3043 1451 3094 omni

924 3105 1022 3156 bonore
1039 3119 1065 3158 et
1080 3108 1204 3176 dignitate
1222 3107 1361 3159 caesaram
1384 3127 1451 3176 exsp.

924 3173 971 3227 sod
982 3174 1075 3226 inritis
1086 3173 1163 3228 codd
1179 3175 1217 3226 Μ.
1232 3174 1288 3228 Alii
1300 3175 1453 3245 spoliarent.

958 3285 1053 3364 Sergio
1071 3283 1178 3336 Galbae.
1195 3283 1285 3338 HicL
1334 3295 1376 3337 tus
1393 3283 1452 3336 Cae·

925 3353 989 3470 {laris
1006 3349 1300 3471 rgoGalgiguluergtissli
1322 3389 1328 3402 .
1346 3349 1452 3469 ἆραι).

948 3435 992 3472 nm
1056 3435 1128 3470 asera
1161 3436 1187 3470 ru
1234 3437 1309 3470 eante
1385 3437 1451 3477 ere,

926 3484 1060 3555 repulsam
1072 3485 1135 3537 tulit
1166 3495 1255 3555 ropter
1264 3437 1382 3538 Caesdiis
1394 3489 1453 3536 ami·

925 3555 1029 3606 citiam:
1041 3571 1072 3604 ex
1085 3571 1136 3621 quo
1186 3553 1252 3604 esuri
1264 3553 1385 3606 iuleosus
1397 3570 1453 3604 curu

926 3619 1017 3672 Cassio
1029 3629 1056 3670 et
1067 3619 1145 3671 Bruto
1155 3619 1327 3689 conspiravit.
1343 3619 1453 3673 Sueton.

926 3683 1004 3740 Galli.
1031 3685 1055 3737 3.
1081 3687 1219 3738 Cellare'ue.
1264 3685 1403 3739 Rubenius
1426 3687 1451 3737 iu

927 3754 1024 3806 Electis
1045 3769 1072 3820 ι,
1091 3769 1131 3816 ²7·
1149 3753 1286 3806 Caesarem
1310 3771 1373 3806 eum
1390 3755 1453 3806 Sue·

927 3823 1002 3876 tonio
1029 3820 1170 3900 conciliatj
1201 3819 1236 3872 du
1258 3821 1335 3874 licem
1366 3820 1454 3900 tulisse

927 3887 1229 4028 bpiimaiiffmiffi
1252 3905 1453 4008 melltta

927 4031 997 4076 esset
1014 4023 1041 4073 in
1060 4019 1160 4082 Gallia,
1174 4021 1296 4083 alteram,
1311 4022 1386 4074 cuins
1403 4040 1454 4072 me·

927 4089 1008 4142 minio
1029 4089 1185 4151 Suetonius,
1208 4088 1318 4142 &reare
1341 4091 1394 4140 iarn
1416 4087 1454 4141 di-

926 4165 1033 4212 etetore.

962 4251 1008 4302 sibi
1031 4219 1183 4300 ooniuneuir.
1229 4246 1287 4298 Sibi
1309 4262 1453 4326 pronomen

928 4319 1100 4388 reciprocum,
1113 4315 1186 4386 quod
1201 4313 1269 4366 male
1287 4311 1331 4366 bre
1349 4331 1396 4382 pro
1412 4312 1452 4364 de·

929 4385 1104 4442 maurentino
1116 4384 1181 4456 poni
1192 4389 1312 4438 autumat
1322 4381 1452 4434 Davisius·
