2986 5268
397 371 476 431 mo.
512 371 580 432 vn.
618 355 710 431 orn
749 338 856 432 5-8.

1076 339 1171 466 2¹39

60 593 198 670 magna
224 574 357 644 coacta
382 593 523 660 manu,
549 571 587 646 in
607 570 843 644 Provinciam
860 567 1073 642 Narbonem
1094 593 1177 643 ver·

64 711 126 760 sus
153 687 387 785 eruptionem
415 686 767 760 facerecontendit.
795 689 944 778 Quare
979 686 1180 778 nunciata,

60 800 197 872 Caesar
224 803 396 874 omnibus
418 801 579 874 consiliis
598 801 910 874 antevertendum
930 801 1178 884 existimavit,

59 921 104 986 ut
129 913 343 986 Narbonem
368 916 677 1014 proficisceretur.
705 917 760 988 Eo
789 911 906 1011 quuin
928 915 1107 1001 venisset,
1126 913 1179 984 ti-

58 1037 206 1104 mentes
233 1031 451 1114 confirmat,
481 1031 659 1129 praesidia
688 1033 725 1102 in
754 1031 909 1102 Rutenis
937 1027 1179 1125 provinciali-

55 1145 156 1234 bus,
195 1146 321 1220 Volcis
362 1149 615 1232 Arecomicis,
657 1143 921 1232 Tolosatibus,
960 1146 1178 1241 circumque

55 1263 416 1360 Narbonem,-quae
444 1261 525 1334 loca
552 1269 661 1334 erant
689 1263 858 1334 hostibus
877 1261 1070 1351 finituma,
1088 1287 1179 1334 con·

55 1383 210 1452 stituit:
238 1387 384 1477 partem
410 1381 602 1476 copiarum
631 1401 676 1449 ex
704 1379 900 1450 Provincia
935 1377 1175 1476 subplemen-

54 1499 248 1590 tumque,
272 1495 371 1590 qnod
398 1518 443 1565 ex
473 1493 576 1564 ltalia
605 1491 833 1580 adduxerat,
861 1492 896 1564 in
924 1490 1094 1581 Helvios,
1114 1495 1179 1592 qui
1246 1507 1249 1514 '

55 1607 151 1680 fines
178 1609 434 1680 Aruernorum
460 1610 716 1706 contingunt,
741 1607 939 1679 convenire
967 1604 1082 1677 iubet.

111 1723 147 1796 8.
174 1725 240 1796 llis
266 1725 377 1796 rebus
417 1725 671 1822 comparatis,
699 1747 864 1822 represso
900 1723 972 1793 iam
1001 1720 1178 1794 Lucterio

56 1841 99 1908 et
125 1844 292 1926 remoto,
317 1837 416 1933 quod
442 1838 581 1910 intrare
612 1839 708 1910 intra
729 1835 906 1934 praesidia
928 1833 1180 1934 periculosum

55 1951 245 2048 putabat,
271 1953 307 2022 in
335 1951 487 2023 Helvios
513 1953 783 2048 proficiscitur:
812 1951 879 2023 etsi
907 1973 1014 2020 mons
1033 1949 1175 2022 Ceven-

53 2087 129 2151 na,
169 2064 231 2158 qni
259 2065 446 2138 Aruernos
486 2067 531 2137 ab
566 2065 708 2138 Helviis
735 2063 936 2152 discludit,
977 2061 1177 2138 durissimo

55 2184 228 2277 tempore
255 2182 362 2270 anni,
389 2182 565 2254 altissima
593 2184 676 2256 nive
695 2185 766 2256 iter
784 2179 992 2278 inpediebat
1010 2163 1028 2248 ε’
1047 2187 1178 2252 tamen

55 2295 191 2368 discisa
218 2297 302 2370 nive
328 2321 393 2371 sex
421 2301 456 2370 in
485 2297 719 2370 altitudinem
739 2297 873 2396 pedum
894 2302 1006 2392 atque
1028 2299 1080 2370 ita
1108 2298 1177 2370 viis

56 2413 283 2512 patefactis,
322 2440 469 2488 summo
497 2414 657 2486 militum
685 2413 812 2486 labore
844 2412 891 2486 ad
918 2397 1008 2484 fines
1034 2415 1177 2506 Aruer·

56 2555 192 2603 norum
238 2533 416 2630 pervenit.
472 2530 616 2622 Quibus
656 2530 836 2629 obpressis
875 2529 1178 2628 inopinantibus,

55 2643 164 2741 qnod⁸
185 2667 223 2717 se
249 2645 449 2734 Cevenna,
477 2653 518 2717 ut
547 2669 676 2732 muro,
704 2645 869 2716 munitos
895 2645 1179 2738 existimabant,

57 2780 101 2828 ac
132 2782 177 2829 ne
204 2759 379 2854 singulari
412 2759 563 2859 quidem
591 2783 754 2856 unquam
776 2759 914 2832 bomini
942 2783 986 2832 eo
1005 2766 1173 2858 temporo

58 2873 145 2942 anni
186 2875 339 2945 senritae
377 2881 600 2972 patuerant,
644 2873 832 2971 equitibus
874 2874 1061 2970 imperat,
1103 2880 1172 2963 ut,

58 3011 170 3082 quam
200 2989 375 3062 latissime
395 2991 555 3088 possint,
575 2997 760 3089 vagentur
778 2998 816 3062 et
831 3015 942 3088 qnam
962 2990 1171 3062 maximum

57 3098 228 3176 hostibus
253 3109 435 3176 terrorem
461 3105 634 3182 inierant.
678 3103 858 3178 Celeriter
883 3103 975 3176 liaeo
1002 3103 1104 3176 fama
1131 3128 1176 3176 ac

10 3413 19 3430 ·
91 3393 195 3446 Rutenis
204 3396 319 3462 provere.
336 3391 435 3445 Ruteni
450 3393 479 3443 in
496 3390 582 3444 limite

58 3458 210 3512 Provinciae
236 3461 367 3512 Romanae
391 3459 423 3511 od
448 3477 581 3514 oocasurnr

57 3545 118 3597 pars
146 3524 252 3579 illorum
277 3528 305 3578 in
333 3527 493 3586 Provincia,
522 3545 582 3596 pars

57 3605 130 3644 extra
143 3594 223 3646 illum.
240 3594 337 3646 Cellae.
353 3593 420 3646 Male
433 3611 492 3660 ergo
505 3593 583 3660 volgo

58 3671 189 3713 commate
218 3661 377 3730 interposito
409 3663 584 3728 seiunguntur

58 3729 122 3778 istae
139 3745 228 3788 voees,
246 3727 316 3798 quod
329 3725 399 3780 etde
411 3746 437 3778 se
459 3727 583 3779 uentibus

59 3794 145 3845 Volcis
177 3797 331 3846 Arecomice'e
359 3745 515 3846 notandum.
550 3794 582 3844 V.

55 3859 515 3982 rirrnrrrrrrn

94 4059 179 4140 Volcis
187 4061 353 4138 dreoomioie,
361 4060 584 4181 Volcorumpgrte

60 4127 494 4268 everterentur:
520 4129 582 4180 'v

99 4329 165 4394 quod
175 4333 275 4382 intrare
285 4337 334 4384 ete.
348 4329 407 4384 llos
416 4327 449 4382 ele
462 4328 584 4385 Lucterio

61 4395 229 4461 rapiendum,

684 3393 810 3445 Cevenna.
827 3391 867 3445 lte
884 3397 1035 3445 constanter
1051 3391 1175 3444 vetustis·

650 3463 712 3514 simi
730 3459 800 3512 libri.

683 3568 776 3620 diseno
791 3571 854 3618 nive.
873 3563 916 3618 Sic
927 3564 984 3617 cod.
997 3563 1107 3616 Cniocii.
1142 3551 1177 3616 oo

650 3645 772 3695 notetur,
789 3637 878 3684 nivern
899 3632 1030 3684 securibus
1052 3650 1080 3684 oc
1103 3581 1177 3683 dille·

650 3699 705 3754 bris
730 3701 879 3754 distractam
902 3701 992 3752 luisse.
1026 3697 1110 3768 Vulgo
1137 3701 1177 3749 di-

650 3789 741 3822 scu-ssa.

685 3875 793 3926 militum
815 3875 910 3926 labore.
959 3870 1080 3943 Plerique
1098 3871 1177 3926 codd.

650 3945 755 4006 sudore,
774 3961 840 4013 quoe
859 3949 899 3993 est
917 3940 1002 3992 verior
1019 3940 1104 3992 lectio.
1134 3941 1175 3991 M.

650 4009 785 4061 Potticnm
802 4011 883 4060 nimis
908 4005 956 4060 hoc
980 4007 1084 4059 vidntur
1104 4005 1176 4060 Oud.

651 4077 691 4128 lta
704 4086 789 4128 tamen
803 4075 941 4136 t‘olleium,
953 4074 1009 4126 Vol.
1019 4075 1176 4136 Marinum,

650 4145 827 4194 Pliniuminc
850 4163 875 4213 p,
889 4141 1177 4202 dixisse,idemostru·

651 4211 700 4264 dit.
715 4211 811 4262 Forsan
824 4163 959 4262 &reserem
972 4211 1104 4288 scripsisse
1118 4210 1176 4260 inu⁴

650 4280 716 4330 etim
733 4281 825 4329 sudore
841 4297 871 4328 ue
888 4279 975 4328 labore
992 4284 1148 4348 suspicatur.

680 4399 790 4466 poesim.
808 4391 865 4446 Alii
877 4403 990 4463 possent.
