3068 5260
361 341 416 456 16
720 393 776 454 ut:
811 386 946 454 BELLO
981 391 1101 454 GALL.

353 589 491 692 pulatis
508 592 621 693 agris,
637 617 712 666 non
730 592 835 667 facile
851 593 898 666 ab
912 591 1054 693 oppidis
1070 593 1146 666 vim
1162 591 1328 666 hostium
1342 591 1485 690 prohi·

353 707 461 780 bere:
501 709 593 780 item
624 707 861 808 Allobroges,
888 711 952 807 qni
979 715 1083 780 trans
1110 707 1335 780 Rhodanum
1371 709 1486 781 vicos

352 824 674 920 possessionesque
693 823 907 915 habebant,
925 823 1012 923 luga
1031 847 1070 896 se
1090 821 1135 894 ad
1154 821 1352 896 Caesarem
1385 824 1486 894 reci-

353 942 464 1040 piunt
476 940 802 1031 etdemonstrant,
816 943 883 1014 sibi
900 948 1048 1040 praeter
1062 943 1139 1042 agri
1151 941 1272 1014 solum
1287 942 1382 1015 nihil
1402 967 1485 1015 esse

354 1054 500 1151 reliqui.
545 1057 691 1147 Quibus
721 1057 832 1130 rebus
858 1055 1043 1131 adductus
1061 1058 1217 1147 Caesar,
1244 1082 1317 1130 non
1337 1081 1486 1154 exspe-

355 1169 537 1242 ctandum
552 1171 622 1242 sibi
635 1173 786 1260 statuit,
800 1169 906 1260 dum,
918 1172 1091 1245 omnibus
1106 1173 1265 1245 fortunis
1279 1171 1484 1244 sociorum

356 1289 583 1379 consumtis,
601 1290 640 1362 in
657 1291 843 1364 Santonos
858 1287 1023 1364 Helvetii
1041 1291 1294 1390 pervenirent.

410 1429 468 1480 η.
509 1407 667 1480 Flumen
687 1413 744 1480 est
762 1408 876 1497 Arar,
894 1407 996 1506 quod
1014 1433 1079 1508 per
1095 1404 1185 1482 lines
1202 1407 1431 1483 Aeduorum
1448 1413 1486 1480 et

357 1523 616 1618 Sequanorum
635 1523 673 1595 in
690 1521 916 1596 Rhodanum
930 1521 1053 1598 influit
1072 1523 1277 1598 incredibili
1295 1523 1483 1610 lenitate,

356 1635 411 1708 ita
427 1641 470 1720 ut
489 1633 627 1724 oculis,
640 1637 679 1709 in
697 1645 824 1710 utram
841 1644 987 1736 partem
1003 1637 1285 1728 fluat,iudicari
1304 1659 1385 1709 non
1403 1659 1487 1734 pos·

359 1753 420 1826 sit.
448 1754 491 1826 ld
505 1753 667 1830 Helvetii
684 1756 827 1828 ratibus
846 1781 890 1828 ac
904 1755 1078 1830 lintribus
1095 1756 1233 1828 iunctis
1251 1754 1486 1828 transibant.

358 1873 432 1946 Ubi
448 1898 514 1972 per
526 1872 780 1972 exploratores
789 1874 924 1946 Caesar
938 1875 1077 1948 certior
1091 1873 1213 1947 factus
1227 1879 1301 1964 est,
1314 1875 1388 1947 tris
1405 1875 1483 1947 iarn

360 1993 553 2091 copiarum
563 1997 686 2092 partes
694 1989 887 2064 Helvetios
901 1991 938 2064 id
949 1989 1087 2065 flumen
1096 1991 1488 2090 transduxisse,‹p1ar·

360 2113 440 2181 tam
455 2133 546 2182 vero
560 2104 962 2207 partemcitrailumen
972 2105 1309 2204 Ararimreliqnam
1321 2128 1426 2180 esse:
1442 2105 1485 2178 de

360 2225 475 2298 tertia
488 2221 613 2323 vigilia
628 2245 717 2294 cum
733 2220 940 2322 legionibus
955 2222 1076 2294 tribus
1092 2245 1112 2294 e
1127 2223 1258 2294 castris
1273 2221 1488 2320 profectus,

362 2339 506 2414 adeam
526 2343 671 2435 partem
686 2337 881 2436 pervenit,
893 2359 989 2433 quae
1007 2336 1175 2409 nondum
1190 2333 1328 2408 llumen
1343 2337 1484 2410 transi·

362 2459 456 2528 erat.
481 2451 763 2550 Eosimpeditos
777 2455 816 2523 et
828 2451 1062 2550 inopinantes
1081 2451 1287 2550 adgressus
1301 2473 1488 2550 magnam

365 2589 495 2642 corum
510 2574 656 2664 partem
674 2566 860 2638 concidit:
875 2565 1009 2663 reliqui
1027 2566 1136 2666 fugae
1155 2589 1232 2638 sese
1252 2565 1487 2638 mandarunt

365 2691 479 2784 atque
493 2685 531 2757 in
546 2683 735 2784 proximas
748 2679 861 2754 silvas
873 2681 1110 2756 abdiderunt.
1135 2684 1171 2755 ls
1190 2707 1307 2782 pagus
1322 2679 1487 2782 adpella-

959 2967 990 3012 nt
1001 2959 1127 3020 Aruerni,
1139 2957 1282 3019 Carnutes,
1294 2945 1398 3027 aliique
1412 2971 1485 3025 pecu-

958 3025 1033 3080 liares
1050 3037 1139 3096 gentes
1157 3026 1273 3080 Gallicae
1297 3025 1419 3075 suerunt.
1447 3017 1486 3070 M·

959 3103 992 3150 Τι’
1008 3096 1093 3147 Aedui
1111 3093 1154 3147 bic
1176 3103 1215 3145 est
1238 3091 1325 3144 nihili.
1351 3105 1484 3160 expungo·

958 3171 991 3226 de
1015 3173 1154 3244 Ambarri:
1172 3171 1231 3224 virle
1255 3170 1312 3222 ind.
1335 3163 1486 3237 Geograph·

992 3275 1020 3306 m
1044 3255 1185 3306 Santonos.
1213 3251 1258 3304 Al.
1283 3251 1427 3303 Santones.
1445 3264 1488 3316 pe·

960 3323 1036 3376 riude
1053 3331 1101 3374 est.
1161 3311 1165 3339 ¹

993 3401 1090 3452 incr-ed.
1120 3399 1235 3450 lenitate.
1259 3395 1348 3448 Stanti
1379 3393 1487 3446 sinaitam

367 2961 451 3024 duae,
472 2961 652 3030 dicunturque
670 2959 757 3014 Aedui
775 2957 891 3013 Ambar-

367 3031 410 3092 ri,
432 3038 463 3082 nt
481 3029 559 3080 Locri
584 3029 700 3098 Opuntii
724 3038 751 3080 et
775 3029 891 3089 Ozolae,

367 3097 407 3150 itn
424 3105 455 3148 ut
479 3096 595 3166 Opuntii
616 3095 672 3146 sint
694 3114 752 3164 pars
774 3095 891 3147 Locren·

368 3165 405 3217 sie
437 3163 562 3216 civitatis.
599 3161 669 3213 lllibi
692 3161 801 3231 quidem
830 3181 892 3215 cum

368 3231 509 3284 Ciaccunio
532 3229 638 3282 videtur
660 3228 815 3298 legendum:
841 3229 894 3280 Eo·

368 3299 427 3349 alem
468 3309 580 3365 tempore
622 3297 766 3354 Ambarri,
806 3314 892 3346 neces-

369 3368 434 3418 sarii
458 3391 491 3403 --
510 3391 543 3403 -
560 3365 652 3416 ceteris
669 3362 794 3415 omuibus
816 3363 894 3414 omis·

369 3433 422 3494 sis,
447 3432 510 3502 qnia
535 3431 573 3484 sic
605 3439 645 3482 est
674 3431 703 3481 iu
732 3429 895 3500 metaphrasi

369 3517 452 3570 green
477 3498 552 3550 Hanc
576 3495 717 3548 lectionem
733 3497 800 3549 alius
817 3495 893 3548 aliter
960 3469 1044 3524 snm
1060 3469 1127 3520 diest
1144 3467 1175 3528 3»
1194 3471 1251 3530 457·
1269 3465 1316 3516 filil
1333 3465 1450 3515 ‘evilm-

370 3565 501 3637 explicare
518 3564 617 3626 voluit,
630 3563 774 3616 Ambarros
788 3582 893 3634 quoque

370 3653 426 3688 esse
450 3633 573 3692 Aeduos,
599 3631 740 3684 Ambarros
769 3651 825 3683 csse
853 3629 894 3682 di·

370 3719 457 3755 versos
475 3699 508 3752 ab
536 3699 649 3759 Aeduis,
682 3697 773 3752 amitus
802 3697 895 3750 eodem

281 3797 286 3806 ·
370 3777 424 3820 tem
462 3765 530 3820 rele
563 3767 771 3819 tosmisisseze
795 3763 894 3836 quibus

371 3785 594 3906 expliiatiouffius
628 3835 767 3886 varietates
805 3832 894 3903 plures

371 3911 460 3955 enatae
477 3911 549 3954 sunt.
568 3900 641 3952 Intra
658 3921 680 3954 e.
704 3909 741 3964 ¹4·
769 3899 895 3952 Ambarri

371 3969 404 4022 ab
428 3969 529 4022 Aeduis
558 3969 596 4020 ita
620 3967 842 4036 distinguuntur,
863 3974 895 4017 at

371 4055 426 4088 non
449 4037 590 4088 videantur
615 4054 669 4086 esse
699 4054 759 4106 pars
779 4035 895 4086 civitatis

371 4102 488 4156 Aeduae.
513 4103 587 4154 ldem
614 4101 772 4171 intelligitur
795 4119 810 4150 e
838 4101 896 4151 loco

371 4167 443 4221 Livii
458 4173 511 4234 (5,
530 4169 563 4234 34
574 4173 601 4232 ),
620 4167 666 4220 ubi
684 4169 808 4236 deinceps
831 4185 896 4218 enu-

372 4245 508 4288 merantur
530 4235 676 4304 Bituriges,
701 4234 830 4294 Amerni‚
848 4235 899 4286 Se-

373 4321 475 4364 nones,
493 4303 600 4364 Aedui,
625 4299 769 4362 Ambarri,
795 4301 900 4350 (larun-

375 4378 433 4421 tes:
453 4377 574 4448 apertum
591 4371 664 4421 enim
682 4378 738 4428 cst,
755 4365 899 4420 Ambarros

374 4455 430 4492 casa
453 4445 589 4492 ceritatem
605 4455 620 4490 a
636 4436 728 4494 ceteris
751 4435 900 4498 murrum,

940 3555 947 3568 '
994 3559 1116 3618 quartam
1133 3563 1207 3596 vero.
1224 3543 1268 3597 Al.
1281 3543 1353 3614 sere.

994 3631 1133 3698 adgressus
1150 3655 1182 3665 -
1199 3628 1316 3676 coincidet.
1341 3623 1406 3675 Non
1433 3621 1486 3689 ipse

961 3697 1056 3750 Gaesar
1074 3695 1155 3754 lecit,
1185 3693 1231 3744 seel
1260 3711 1307 3762 per
1334 3690 1484 3742 Labienum

962 3765 1090 3834 legatum,
1107 3771 1139 3813 ut
1150 3761 1245 3812 diserte
1259 3759 1340 3810 tradit
1351 3750 1484 3808 Plutarch-

962 3834 992 3884 in
1024 3832 1096 3882 Caes.
1129 3847 1188 3896 cap.
1224 3830 1261 3878 18.
1291 3826 1332 3876 M.
1368 3825 1486 3900 'friginta

963 3898 1038 3951 milia
1066 3914 1137 3949 caesa
1167 3894 1314 3964 Polyaenus
1344 3891 1439 3944 scribit
1456 3889 1484 3940 8.

963 3965 1004 4016 23.
1022 3974 1138 4016 ceterum
1177 3979 1204 4012 ro
1221 3963 1310 4012 Arare
1329 3959 1485 4011 Rhodanum

964 4034 1049 4103 ponit.
1060 4033 1107 4110 ⁸Dc
1125 3981 1245 4080 Lilsieno
1263 4047 1286 4079 v.
1306 4029 1450 4098 Appianas
1468 4015 1485 4068 l·
1511 4065 1512 4096 q

964 4119 1025 4152 mox
1043 4109 1088 4151 cit.

1014 4185 1086 4235 agas.
1115 4163 1196 4216 Paulo
1223 4171 1285 4214 ente
1313 4160 1397 4221 dixit,
1425 4167 1485 4222 pm

997 4236 1165 4284 elvetiorum:
1201 4230 1279 4300 paulo
1313 4237 1391 4298 post,
1424 4233 1486 4290 petr?

965 4305 1075 4352 civitatis
1105 4299 1249 4350 Helvetiae.
1290 4295 1373 4347 Facile
1410 4303 1482 4358 ergo.»

967 4368 1032 4438 quid
1051 4369 1086 4417 sit
1105 4385 1206 4436 pagus,
1236 4363 1277 4415 his
1305 4351 1484 4432 comparanti*

967 4434 1134 4505 intelligitur.
1165 4434 1201 4486 cl.
1225 4450 1247 4485 c.
1265 4431 1306 4496 37.
1323 4429 1366 4482 M.
