3040 5264
330 391 418 452 rio
455 387 510 452 ur
534 387 669 449 escun
686 389 807 452 crus.
841 389 920 450 ns.
938 387 997 448 nr.
1016 389 1109 450 cnr.
1129 356 1208 448 28.
1226 389 1306 486 29.

320 591 456 666 Caesar
473 591 703 690 pervenisset
720 597 918 692 castraque
937 592 1084 670 munire
1105 589 1352 678 instituisset,
1380 612 1457 660 ne-

320 733 393 806 que
426 710 544 782 hostis
575 708 725 782 interim
753 710 855 786 visus
889 719 1013 800 esset,
1046 709 1218 808 dispersis
1254 709 1292 780 in
1331 729 1455 804 opere

318 827 476 916 nostris,
502 825 628 900 subito
654 849 701 900 ex
727 827 900 902 omnibus
928 827 1098 926 partibus
1124 827 1238 902 silvae
1265 823 1455 899 evolave-

317 952 408 1018 runt
427 953 466 1018 et
485 947 521 1018 in
542 952 689 1022 nostros
708 945 876 1044 inpetum
895 944 1078 1020 lecerunt.
1120 945 1246 1018 Nostri
1266 941 1454 1015 celeriter

317 1083 422 1132 arms
448 1065 630 1160 ceperunt
656 1084 793 1159 eosque
812 1061 850 1132 in
870 1057 981 1132 silvas
998 1057 1217 1160 repulerunt
1243 1063 1304 1148 ct,
1331 1083 1453 1130 corn-

316 1173 486 1275 pluribus
513 1175 746 1265 interfectis,
773 1175 919 1273 longios
945 1175 1230 1274 inpeditioribus
1256 1171 1351 1246 locis
1383 1196 1450 1244 se·

316 1294 421 1382 culi,
448 1317 586 1390 paucos
613 1317 660 1366 ex
686 1292 761 1364 suis
788 1290 1091 1390 deperdiderunt.

366 1431 427 1503 29.
456 1407 622 1504 Reliquis
649 1407 825 1505 deinceps¹
846 1407 976 1478 «liebus
993 1406 1130 1478 Caesar
1148 1399 1262 1476 silvas
1278 1401 1446 1477 caedere

313 1517 480 1594 instituit
506 1531 570 1610 el,
597 1547 642 1593 ne
663 1523 745 1620 quis
764 1523 967 1595 inermibus
984 1518 1346 1619 inprudentibusque.
1367 1517 1448 1590 rni-

312 1633 444 1710 litibus
471 1637 517 1710 ab
549 1639 665 1710 latere
696 1641 845 1738 inpetus
876 1638 955 1712 lieri
988 1643 1136 1738 posset,
1166 1661 1317 1710 omnem
1352 1660 1444 1710 eam

314 1759 542 1844 materiam,
570 1781 665 1854 quae
692 1762 773 1829 erat
800 1781 934 1845 caesa,
962 1778 1184 1828 conversam
1211 1754 1257 1826 ad
1287 1754 1443 1826 hostem

315 1869 540 1944 conlocabat
568 1879 605 1942 et
633 1895 699 1970 pro
729 1871 828 1943 vallo
855 1871 901 1944 ad
932 1877 1133 1968 utrumque
1153 1868 1250 1941 latus
1267 1875 1444 1940 exstrue-

312 1983 393 2058 bat.
418 1986 627 2060 incredibili
647 1985 836 2066 celeritate
857 2011 993 2088 magno
1013 1988 1133 2086 spatio
1154 1987 1283 2086 paucis
1301 1983 1440 2058 diebus

312 2099 489 2174 confecto
505 2137 524 2190 ,κ
550 2125 667 2200 quom
706 2104 780 2178 iarn
807 2127 921 2202 pecus
948 2108 1062 2200 etque
1089 2108 1261 2174 extrema
1287 2101 1436 2198 inpedi-

311 2221 441 2286 menta
460 2245 461 2248 ¹
477 2217 524 2288 ab
551 2219 688 2290 nostris
720 2223 964 2303 tenerentur,
999 2218 1066 2316 ipsi
1094 2217 1282 2288 densiores
1317 2213 1438 2288 silvas

309 2339 512 2432 peterent,
556 2334 737 2408 eiusmodi
778 2340 1019 2432 tempestates
1053 2340 1142 2406 sunt
1175 2339 1436 2423 consecutae,

310 2453 364 2525 uti
384 2477 478 2552 opus
497 2455 703 2528 necessario
723 2452 1037 2525 intermitteretur
1054 2458 1117 2540 et,
1143 2451 1431 2524 continuatione

304 2567 518 2658 imbrium,
540 2568 678 2640 diutius
705 2568 774 2640 sub
802 2566 958 2665 pellibus
986 2565 1122 2640 milites
1142 2565 1326 2639 contineri
1352 2589 1431 2636 non

304 2688 471 2780 possent.
499 2685 630 2780 ltaque
659 2683 814 2755 vastatis
841 2683 1016 2755 omnibus
1034 2705 1164 2754 eorum
1184 2681 1305 2780 agris,
1334 2680 1431 2751 vicis

306 2797 561 2898 aedificiisque
586 2800 770 2888 incensis,
810 2799 947 2873 Cacsar
973 2800 1181 2872 exercitum
1212 2795 1362 2870 reduxit
1389 2801 1432 2868 et

303 2913 343 2987 in
374 2915 543 2990 Aulercis
569 2917 847 3013 Lexoviisque,
882 2915 1034 3015 reliquis
1059 2917 1151 2990 itern
1179 2915 1428 3004 civilatibus,

305 3052 400 3125 quae
427 3031 597 3128 proxime
623 3029 765 3106 bellurn
791 3031 991 3122 fecerant,
1022 3032 1062 3106 in
1088 3031 1253 3106 bibernis
1294 3028 1428 3104 conlo·

300 3147 419 3220 cavit.

335 3357 541 3428 deperdidemnt.
573 3359 630 3412 Alii
667 3361 830 3430 disperdide-
948 3365 1056 3414 corioro.
1080 3357 1112 3414 ln
1137 3359 1271 3431 plerisque
1295 3358 1372 3414 codd·
1397 3364 1424 3408 ct

301 3437 371 3476 mnt-
411 3426 572 3480 Oxouicusir
609 3427 828 3480 desideraverunt.
898 3448 911 3480 e
931 3428 958 3480 d.
970 3439 1035 3480 vett
1054 3437 1115 3490 cst,
1132 3433 1259 3478 maxime:
1279 3445 1332 3480 nou
1346 3424 1422 3477 mele.

301 3492 377 3546 ruins
400 3491 478 3547 lectio
502 3494 607 3566 iugata
632 3497 720 3550 forsan
744 3495 829 3565 gloss·
897 3496 936 3548 De
955 3515 981 3548 re
998 3497 1033 3549 es·
1052 3516 1074 3550 c.
1093 3515 1116 3565 9.
1135 3497 1172 3546 Μ.
1191 3497 1308 3549 Graccus
1326 3503 1421 3554 sineri.

301 3567 349 3612 etl.
895 3573 925 3615 ul
942 3563 1083 3632 vulgatum.

928 3631 1156 3704 bellumjicerant.
1184 3629 1247 3682 Non
1264 3629 1316 3685 hcc
1331 3637 1422 3683 estsu-

334 3694 380 3745 ωδ
437 3695 521 3750 ilibus.
551 3714 576 3750 r.
604 3697 664 3750 lud.
690 3697 828 3751 Summam
895 3696 1012 3758 loreum,
1032 3717 1078 3750 nec
1096 3697 1233 3760 insolens,
1250 3707 1281 3750 ut
1309 3701 1421 3751 Seneca

300 3779 393 3831 espz
435 3773 463 3816 ct
487 3783 519 3836 29
542 3765 654 3822 tredldit
676 3767 730 3821 Dio
754 3767 827 3821 Cass.
895 3769 982 3818 visum
1009 3785 1050 3838 ep.
1079 3777 1135 3832 ¹¹4⁴
1158 3767 1191 3822 V·
1215 3765 1323 3822 cellnti
1347 3783 1421 3819 curus

300 3823 354 3894 39,
371 3839 413 3894 44.
430 3832 470 3885 Μ.
897 3843 994 3905 poster.
1012 3852 1040 3907 p.
1060 3851 1101 3905 9¹·
