3032 5266
347 381 440 498 418
708 413 763 472 uu
800 413 933 472 nunno
960 413 1095 472 crunt

314 582 424 692 'sese
449 613 627 687 referunt.
653 615 812 706 Caesar,
839 613 1028 714 praesidiis
1054 615 1092 686 in
1119 614 1311 686 montibus
1335 613 1458 712 dispo·

331 733 453 821 ¹sitis,
493 733 593 804 omni
636 731 683 804 ad
723 733 870 804 lberum
902 730 1105 803 intercluso
1143 731 1301 819 itinere,
1344 755 1457 827 quam

347 849 516 949 proxime
542 855 666 946 potest
691 849 855 922 hostium
890 849 1021 920 castris
1049 853 1171 919 castra
1199 849 1421 918 communit.

397 963 457 1056 73.
473 961 640 1034 'Postero
667 962 724 1036 die
751 964 873 1035 Duces
899 959 1198 1034 adversariorum
1226 959 1458 1057 perturbati,

347 1078 448 1176 quod
463 1101 611 1159 omnem
629 1081 682 1153 rei
700 1079 966 1152 frumentariae
985 1075 1220 1174 fluminisque
1238 1076 1334 1148 Iberi
1354 1099 1459 1172 spem

345 1195 581 1285 dimiserant,
624 1195 668 1269 de
703 1193 852 1294 reliquis
881 1195 993 1268 rebus
1021 1191 1299 1276 consultabant.
1367 1193 1460 1264 Erat

345 1335 465 1383 unum
491 1313 583 1402 iter,
610 1309 770 1384 Ilerdam
796 1311 825 1384 si
851 1311 989 1384 reverti
1017 1307 1174 1395 vellent3
1202 1305 1388 1416 alterum,
1430 1311 1459 1380 si

345 1429 595 1502 Tarraconem
624 1433 803 1528 peterent.
830 1429 932 1500 Haec
963 1421 1241 1499 consiliantibus
1266 1425 1318 1496 eis
1334 1479 1346 1513 ‚
1365 1449 1460 1496 nun-

345 1548 493 1638 ciatur,
519 1553 717 1645 aquatores
748 1545 794 1617 ab
822 1544 991 1642 equitatu
1022 1542 1138 1642 premi
1167 1549 1309 1615 nostro.
1373 1545 1460 1635 Qua

345 1685 387 1735 re
420 1665 594 1762 cognita,
620 1661 768 1736 crebras
795 1662 974 1734 stationes
1000 1657 1201 1757 disponunt
1227 1659 1402 1755 equitum
1421 1665 1461 1732 et

348 1779 563 1852 cohortium
589 1777 807 1866 alariarum,
833 1773 1124 1879 legionariasque
1142 1775 1374 1850 interiiciunt
1393 1801 1459 1848 co·

274 1933 279 1944 ·
345 1895 487 1987 bortis,
517 1894 732 1991 vallumque
762 1915 810 1966 ex
841 1893 971 1966 castris
998 1891 1044 1964 ad
1075 1917 1211 1990 aquam
1240 1891 1378 1966 ducere
1406 1895 1459 1965 in·

335 2011 514 2116 ⁴cipiunt,
540 2017 583 2084 ut
595 2007 980 2104 intramunitionem,
999 2015 1037 2082 et
1056 2009 1132 2082 sinc
1148 2011 1305 2100 timore,
1323 2018 1363 2084 et
1379 2013 1457 2084 sine

344 2125 587 2216 stationibus,
614 2125 741 2222 aquari
775 2129 935 2224 possent.
999 2123 1041 2196 ld
1072 2137 1164 2222 opus
1194 2124 1293 2197 inter
1319 2149 1359 2196 se
1387 2125 1456 2197 Pe-

345 2246 461 2318 treius
489 2253 601 2342 atquc
620 2243 794 2318 Afranius
814 2241 1047 2340 partiuntur,
1073 2241 1213 2340 ipsique
1241 2243 1456 2341 perficiendi

346 2365 466 2462 operis
497 2387 626 2436 caussa
651 2359 796 2460 longius
823 2357 1124 2458 progrediuntur.

398 2483 455 2569 74.
482 2481 653 2570 Quorum
680 2475 841 2548 discessu
866 2473 1020 2547 liberam
1048 2473 1148 2546 nacti
1173 2471 1311 2546 milites
1329 2472 1455 2546 conlo·

345 2595 519 2692 quiorum
538 2590 776 2680 facultatem,
794 2589 907 2689 vulgo
926 2591 1134 2689 procedunt
1151 2598 1208 2680 et,
1228 2615 1341 2688 quem
1361 2593 1457 2688 quis·

345 2733 417 2808 que
443 2710 481 2781 in
509 2709 641 2782 castris
668 2715 799 2801 notum
832 2713 899 2780 aut
916 2709 1143 2806 municipem
1161 2709 1346 2796 babebat,
1364 2733 1457 2781 con-

345 2821 460 2920 quirit
486 2827 598 2919 atque
625 2828 771 2894 evocat.
814 2821 984 2894 Primum
1022 2837 1137 2920 agunt
1163 2827 1308 2920 gratias
1335 2849 1456 2896 ornnes

309 2954 317 2966 ⁴
344 2935 531 3024 omnihus,
556 2935 655 3034 quod
676 2936 747 3008 sibi
766 2938 965 3034 perterritis
989 2937 1105 3034 pridie
1119 2941 1386 3036 pepercissent:
1403 2963 1456 3008 eo·

344 3081 424 3125 rum
456 3080 493 3128 se
529 3049 697 3148 beneficio
737 3059 876 3128 vt'vere:
916 3053 1041 3127 deinde
1075 3053 1306 3152 Imperatoris
1337 3049 1455 3146 fidem

343 3186 538 3269 quaerunt,
564 3179 700 3270 rectenq
725 3195 763 3242 se
792 3170 848 3242 illi
871 3173 943 3242 sint
975 3177 1203 3245 commissuri
1213 3203 1227 3258 ‚-
1265 3187 1325 3260 et,
1360 3171 1457 3270 quod

343 3310 413 3355 non
439 3283 483 3355 ab
508 3289 608 3357 initio
630 3285 784 3376 fecerint
809 3309 979 3382 armoque
1003 3313 1085 3358 cum
1111 3285 1313 3359 bominibus
1339 3312 1455 3359 neces·

343 3401 451 3469 soriis
477 3410 510 3470 et
534 3402 810 3496 consanguineis
831 3401 1074 3486 contulerint,
1115 3405 1336 3497 queruntur.
1389 3399 1452 3469 llis

314 3583 316 3590 ,
342 3513 537 3606 provocati
565 3513 821 3599 sermonibus,
853 3507 971 3605 fidem
998 3513 1042 3587 ab
1068 3513 1285 3612 Imperatore
1310 3513 1356 3586 de
1388 3513 1454 3584 Pe·

376 3822 401 3868 in
418 3819 551 3868 urentibus.
579 3817 649 3870 Sunt
666 3818 712 3888 qui
729 3817 863 3888 praeposi·
964 3819 1055 3870 deirrrle
1072 3820 1138 3886 fmp.
1155 3817 1240 3883 fidem.
1257 3815 1325 3870 Scal.
1341 3819 1452 3869 eccuie·

341 3887 442 3936 tionem
458 3887 596 3936 omittunt.
932 3895 1006 3938 ctura
1024 3887 1158 3936 llincconii
1171 3885 1230 3934 dein
1241 3886 1272 3934 de
1285 3886 1351 3951 Imp.
1361 3884 1415 3956 fide
1426 3903 1449 3952 q.

374 3979 533 4032 dimiserant.
546 3977 589 4030 Sic
600 3977 675 4031 codd.
688 3989 714 4032 at
725 3977 784 4030 edd.
799 3985 861 4031 vett.
931 3954 1023 4006 ἰωὴ
1038 3952 1114 4006 ⁸⁰dd·
1132 3962 1159 4042 ‘l
1175 3950 1235 4002 ‘dd‘
1251 3961 1313 4042 Y‘lll·
1415 4033 1420 4042 ¹

342 4045 426 4114 Vulgo
446 4051 596 4098 amiserant.
964 4045 1071 4092 rectene,
1089 4050 1121 4082 au
1138 4049 1194 4084 arne
1207 4030 1323 4102 periculo
1336 4031 1450 4084 fallaciae

931 4108 959 4150 et
975 4101 1072 4152 daruni.
1091 4100 1128 4148 M.

964 4195 1089 4246 armaque
1105 4197 1157 4230 nim
1175 4177 1243 4228 bom.
1264 4177 1326 4246 Lag.
1344 4195 1358 4229 e
1374 4175 1449 4228 codd.

342 4237 526 4357 Mttfariat'um.
574 4235 628 4289 Vld.
649 4235 708 4288 lud·
726 4237 753 4286 lu
772 4235 862 4288 afflt'll·
930 4263 1060 4363 epgppqqr}
1074 4247 1144 4315 quod
1164 4263 1219 4298 acm
1239 4245 1308 4297 hom.
1330 4253 1362 4296 ut
1381 4243 1447 4296 Uud.

374 4399 477 4464 quisque
494 4401 520 4444 in
537 4399 636 4446 cestris.
656 4397 699 4447 Sic
716 4395 785 4447 Ond.
803 4415 861 4448 crnu
963 4407 1111 4461 queruntur.
1123 4393 1447 4463 Aliioonquaruntnr.con·

341 4460 448 4516 Divisio
466 4481 479 4519 c
495 4463 572 4515 codd.
590 4461 675 4532 Vulgo
690 4463 829 4531 plerisque.
931 4469 972 4513 tra
988 4460 1064 4514 codd.
1442 4466 1447 4476 '

374 4143 516 4190 numinum
535 4137 589 4190 Alii
606 4147 764 4190 nonn'ontm.
