3026 5264
383 345 475 472 378
521 415 549 446 ,,

744 383 800 444 DE
834 385 968 446 BELLO
1003 385 1129 448 Cli'lLl

377 585 485 680 parte
512 579 669 674 effecta,
695 583 827 660 eodem
853 586 929 662 iere
955 595 1125 688 tempore
1158 587 1261 665 missi
1294 584 1340 660 ad
1370 586 1463 662 Pon·

377 698 503 796 poium
530 705 786 775 revertuntur.

433 835 491 910 ¹9·
517 813 669 888 Litteris
687 815 877 916 perlectiS,
893 818 1083 894 Domitius
1101 815 1334 894 dissimulans
1350 815 1384 886 in
1396 839 1464 886 con·

378 925 463 998 cilio
489 932 734 1026 pronunciat,
758 933 977 1032 Pompeium
1005 933 1175 1008 celeriter
1202 929 1362 1002 subsidio
1396 952 1463 1000 ven·

376 1045 530 1130 turum,
560 1044 806 1146 hortaturque
833 1073 920 1138 eos,
943 1073 989 1122 ne
1017 1050 1142 1123 animo
1164 1045 1355 1141 deficiant,
1373 1066 1462 1138 quae·

377 1181 449 1254 que
478 1163 557 1232 usui
599 1161 645 1236 ad
680 1163 953 1238 defendendum
981 1163 1159 1264 oppidum
1186 1165 1292 1248 sint,
1331 1165 1464 1260 parent:

375 1277 452 1376 ipse
478 1303 615 1352 arcano
643 1305 730 1356 cum
756 1282 885 1380 paucis
903 1281 1147 1355 familiaribus
1160 1281 1236 1354 suis
1254 1275 1466 1372 conloquitur

356 1397 646 1497 ¹consiliumque
673 1399 781 1500 fugae
808 1425 941 1499 capere
968 1401 1179 1478 constituit.
1208 1403 1338 1492 Quum
1364 1395 1465 1468 vultus

373 1515 530 1592 Domitii
557 1543 643 1592 cum
672 1519 841 1594 oratione
868 1541 943 1592 non
971 1517 1198 1596 consentiret
1225 1521 1342 1613 atque
1364 1513 1465 1586 omnia

373 1634 620 1731 trepidantius
647 1635 887 1734 timidiusque
913 1641 1065 1734 ageret,
1098 1659 1212 1732 quam
1240 1631 1465 1732 superioribus

375 1751 502 1826 diebus
529 1759 764 1841 consuesset,
789 1752 1028 1850 multumque
1054 1777 1143 1826 cum
1168 1752 1246 1826 suis
1274 1745 1464 1827 consiliandi

374 1890 503 1940 caussa
530 1855 674 1940 secreto
693 1875 839 1966 praeter
857 1867 1167 1944 consuetudinem
1186 1866 1463 1964 conloqueretur,

373 1980 530 2056 concilia
556 1989 839 2081 conventusque
865 1983 1062 2059 honrinum
1090 1983 1251 2082 lugeret:
1272 2005 1331 2054 res
1350 1979 1463 2050 diutius

371 2099 449 2199 tegi
476 2100 771 2200 dissimularique
798 2124 873 2178 non
900 2100 1035 2200 potuit
1079 2099 1282 2197 Pompeius
1309 2097 1401 2169 enim
1422 2115 1462 2164 re·

371 2219 595 2316 scripserat,
618 2243 695 2295 sose
720 2243 795 2292 rem
820 2220 859 2294 iu
885 2241 1067 2290 sunmzum
1090 2213 1294 2314 periculam
1315 2211 1463 2288 demin

370 2355 452 2402 rum
477 2358 547 2404 non
572 2357 674 2417 esse,
701 2356 813 2431 neque
836 2357 902 2408 suo
927 2331 1074 2406 coruid'o
1101 2343 1165 2402 aut
1190 2329 1372 2404 voluntate
1404 2323 1462 2394 Do·

369 2453 510 2522 mitium
534 2475 574 2524 so
597 2453 636 2524 in
661 2449 832 2548 oppidum
858 2443 1058 2542 Corfinium
1082 2445 1297 2520 contulisse.-
1319 2440 1461 2542 proinde,

369 2571 404 2638 si
427 2593 496 2664 quo
516 2565 679 2658 firoullco
690 2565 855 2660 sru’sset,
894 2565 944 2640 ud
980 2591 1020 2639 se
1057 2591 1140 2638 own
1173 2565 1338 2638 omnibus
1371 2563 1461 2659 copiis

369 2684 512 2753 venirat.
539 2679 581 2752 ld
608 2704 653 2752 ne
678 2680 759 2753 fieri
785 2687 936 2780 posset,
976 2681 1166 2754 obsidione
1206 2685 1323 2777 atque
1361 2669 1460 2776 oppidi

369 2796 722 2868 circummunitione
748 2797 874 2870 fiebat.
959 2826 962 2878 z

421 2937 481 2984 20.
507 2911 711 3012 Divulgato
738 2914 896 2988 Domitii
922 2912 1097 3000 consilio,
1118 2909 1277 3000 milites,
1296 2907 1461 3008 quierant

367 3023 543 3116 Corfinii,
569 3021 861 3126 prima'vesperi
888 3029 1132 3102 secessionem
1159 3028 1329 3102 iaciunt:
1369 3028 1460 3116 atque

368 3144 419 3218 ita
446 3145 542 3216 inter
567 3167 606 3216 se
632 3169 698 3243 per
737 3143 925 3217 Tribunos
965 3143 1128 3216 militum
1163 3143 1460 3231 Centurionesque

366 3269 478 3358 atque
504 3261 783 3340 honestissimos
809 3261 865 3334 sui
883 3259 1038 3360 generis
1056 3258 1359 3356 conloquuntur:
1384 3254 1462 3327 obsi·

365 3379 444 3453 deri
466 3403 506 3452 so
530 3405 553 3450 o
585 3379 764 3461 Caesare3
802 3401 910 3474 opem
942 3381 1224 3476 munitionesque
1259 3401 1369 3477 prope
1402 3389 1460 3444 erse

395 3697 569 3750 dissimulans.
586 3697 643 3752 Alit
660 3695 886 3754 eonsumitur.
990 3695 1125 3764 Pompeius
1143 3699 1209 3748 enim
1226 3713 1305 3748 rescr.
1324 3695 1410 3748 Exstat
1420 3685 1457 3756 epi

395 3781 423 3828 in
438 3777 552 3828 concilio.
570 3777 626 3830 Alii
643 3781 671 3828 in
687 3776 804 3827 consitio.
957 3763 1024 3815 stola
1044 3765 1070 3814 in
1089 3763 1145 3816 Cic.
1162 3781 1222 3834 epp.
1241 3761 1275 3814 ad
1292 3763 1405 3816 Atticum
1416 3753 1457 3806 lai

394 3875 499 3909 ursano.
517 3856 573 3910 Alii
590 3877 695 3910 arcano.
955 3841 1018 3921 ΡΨ
1040 3848 1076 3882 ¹²·
1251 3912 1257 3922 Ι

393 3940 532 3988 constituit.
559 3936 615 3988 Alii
626 3939 745 3990 institnit.
764 3933 809 3990 Sic
817 3933 888 3990 Clar-
989 3911 1099 3976 samita·
1116 3909 1212 3975 ficisset.
1229 3910 1273 3964 3¹⁰
1289 3909 1364 3964 codd.
1375 3897 1455 3960 ‘wll'

360 4001 421 4055 kius
439 4022 453 4054 o
470 4001 528 4057 cod.
545 4005 607 4073 Bag.

392 4099 546 4152 consiliandi
562 4117 661 4152 cumen.
689 4097 734 4152 Sic
751 4098 828 4151 codd.
847 4101 885 4149 ito

358 4173 386 4218 et
397 4185 418 4217 c.
432 4165 472 4230 73.
485 4167 548 4218 liaeo
558 4169 756 4219 consiliantibus.
770 4167 811 4217 Cf.
826 4163 886 4216 Cel-

360 4232 420 4284 larii
441 4253 514 4286 curas
539 4243 636 4304 poster.
659 4253 686 4304 p.
706 4237 747 4284 ss.
782 4232 885 4284 l'linins

358 4301 438 4352 etiarn
455 4320 497 4371 ep.
516 4311 544 4366 4,
567 4317 604 4364 ¹7·
622 4301 781 4351 consiliator.
799 4296 845 4351 sis
859 4307 886 4352 et

358 4365 450 4483 &ppt
474 4369 508 4420 A.
529 4377 602 4438 poet.
623 4371 677 4437 196.
713 4367 769 4419 Alii
785 4367 884 4418 oonsul-

421 4451 439 4484 ι.

954 3967 1019 4028 vett.
1040 3977 1094 4028 Alii
1108 3969 1222 4030 ¹‘mallent
1239 3989 1311 4052 seret.

986 4078 1070 4143 prima
1083 4093 1123 4124 ves
1140 4080 1178 4126 eri
1190 4073 1262 4128 hora.
1278 4073 1362 4144 Volgo
1372 4077 1456 4136 vespm

954 4149 1046 4194 contra
1064 4142 1110 4194 cod
1131 4179 1138 4192 .
1157 4141 1224 4193 Oud.

989 4231 1087 4282 donrest.
1110 4236 1149 4283 rui
1168 4235 1279 4302 generis,
1300 4249 1343 4284 eos
1360 4225 1454 4280 rnilitud¹

955 4301 1144 4365 gregariorum,
1167 4299 1215 4368 qui
1238 4307 1323 4350 notate
1344 4295 1453 4356 relinqu

954 4367 1058 4417 sortiter
1078 4367 1156 4434 gestis
1173 4375 1261 4417 esseut
1279 4367 1369 4418 ceteris
1387 4360 1451 4411 hone-

954 4435 1046 4486 stiores
1063 4451 1084 4486 s.
1102 4431 1252 4486 nobiliores.
1270 4434 1314 4486 M.
