3040 5264
343 333 432 432 140
470 346 524 405 ns
549 345 685 405 nanno
702 343 822 404 osui.
859 307 1219 432 n1n.1v.csr.37.
1242 307 1317 402 38.

334 552 464 620 noster
478 546 514 618 in
529 549 771 642 conspectum
790 545 914 632 venit,
932 543 1058 616 hostes
1075 542 1229 615 abiectis
1248 539 1360 614 armis
1380 543 1457 612 ter·

335 686 382 762 ga
404 665 614 748 verterunt,
634 683 864 756 magnusque
878 683 1008 730 eorum
1023 680 1200 730 numerus
1218 661 1275 728 est
1294 655 1458 728 occisus.

387 778 448 849 38.
470 777 604 848 Caesar
621 782 772 873 postero
792 773 850 847 die
870 775 913 848 T.
932 775 1140 846 Labienum
1159 775 1342 872 Legatum
1362 795 1457 846 cum

332 891 377 964 iis
403 889 628 991 legionibuS‚
654 913 747 986 quas
773 913 819 960 ex
846 889 1038 962 Britannia
1064 888 1290 976 reduxerat,
1313 889 1351 960 in
1374 888 1458 957 Mo-

331 1005 456 1092 rinos,
478 1005 541 1101 qui
572 1003 811 1076 rebellionem
844 1003 1031 1094 fecerant,
1058 1003 1173 1080 misit.
1224 1001 1298 1092 Qui
1333 1023 1457 1096 quum

330 1127 485 1220 propter
511 1121 699 1192 siccitates
727 1117 926 1218 paludutn,
953 1143 1028 1216 quo
1055 1143 1093 1192 se
1120 1119 1350 1216 reciperent,
1380 1139 1459 1186 non

332 1240 535 1322 haberent,
563 1259 638 1334 quo
666 1235 835 1334 perfugio
862 1235 1050 1332 superiore
1077 1257 1175 1306 anno
1203 1231 1351 1304 fuerant
1374 1233 1456 1321 usi,

336 1375 466 1424 omnes
492 1351 569 1424 fere
596 1353 632 1422 in
661 1355 887 1450 potestatem
915 1347 1067 1422 Labieni
1095 1353 1291 1420 venerunt.
1328 1347 1384 1418 At
1411 1347 1458 1438 Q.
1504 1413 1505 1418 ,

333 1469 502 1542 Titurius
542 1471 581 1547 et
623 1467 667 1546 L.
692 1465 807 1539 Cotta
838 1465 995 1566 Legati,
1027 1465 1089 1562 qui
1123 1465 1161 1536 in
1192 1466 1459 1561 Menapiorum
1504 1471 1505 1482 ’

334 1585 427 1658 fines
453 1583 616 1682 legiones
643 1581 852 1670 duxerant,
871 1579 1044 1652 omnibus
1063 1603 1192 1654 eorum
1215 1585 1312 1678 agris
1332 1591 1459 1654 vasta-

333 1699 404 1787 tis,
431 1697 627 1770 frumentis
653 1697 827 1779 succisis,
848 1694 1024 1768 aediliciis
1049 1695 1231 1783 incensis,
1248 1695 1348 1791 quod
1379 1697 1459 1768 Me·

335 1813 462 1912 nappii
489 1835 527 1882 se
554 1836 684 1886 omnes
701 1813 740 1884 in
759 1811 991 1882 densissimas
1018 1807 1128 1881 silvas
1155 1809 1401 1897 abdiderant,
1417 1833 1457 1880 se

336 1929 382 2006 ad
410 1929 605 2001 Caesarem
633 1931 867 2026 receperunt.
909 1925 1045 1998 Caesar
1071 1926 1109 1998 in
1136 1925 1256 2025 Belgis
1283 1929 1457 1998 omnium

333 2041 523 2139 legionum
552 2043 706 2118 hiberna
731 2041 942 2116 constituit.
968 2041 1024 2112 Eo
1052 2039 1147 2116 duae
1174 2042 1328 2112 omnino
1355 2043 1459 2114 civi-

333 2164 432 2238 tates
451 2183 498 2231 ex
514 2160 708 2232 Britannia
727 2157 872 2230 obsides
891 2157 1089 2247 miserunt,
1103 2157 1267 2256 reliquae
1283 2158 1460 2258 negtexe-
1504 2243 1505 2254 χ

333 2283 433 2352 runt
460 2278 528 2356 His
546 2275 655 2350 rebus
673 2275 807 2374 gestis,
826 2297 874 2345 ex
896 2272 1012 2348 literis
1030 2275 1198 2350 Caesaris
1217 2275 1364 2352 dierum
1384 2281 1457 2354 XX
1504 2305 1505 2314 ³

334 2391 559 2491 subplicatio
585 2415 608 2464 a
634 2391 783 2463 Senatu
804 2388 953 2466 decreta
979 2395 1048 2464 est.

366 2611 416 2662 qun
431 2589 499 2661 perf
511 2618 543 2630 --
553 2602 683 2645 venerans
700 2589 774 2642 Adeo
789 2589 857 2642 mul·
957 2589 1095 2650 duxerant.
1112 2590 1165 2646 vid.
1182 2611 1205 2646 c.
1225 2607 1265 2644 22.
1283 2591 1322 2646 ΙΙ.
1504 2631 1505 2642 ,

333 2659 418 2730 tiplex
429 2666 470 2709 est
481 2659 509 2708 in
521 2657 596 2710 codd.
609 2655 686 2708 lectio
699 2655 779 2709 huius
789 2656 856 2721 loci,
956 2659 999 2710 Eo
1019 2661 1063 2724 (in
1080 2658 1184 2730 Belgas)
1202 2660 1301 2710 &sides
1317 2664 1453 2714 muniunt.

333 2735 365 2777 ut
381 2724 587 2794 Oudendorpius
606 2723 734 2788 suuntur,
753 2723 806 2776 sibi
822 2725 855 2778 de
923 2724 992 2778 Cum
1008 2745 1067 2796 ergo
1084 2728 1176 2780 Cacsar
1194 2746 1216 2782 c·
1234 2727 1274 2778 36.
1297 2725 1405 2781 obsides
1422 2732 1454 2781 iu

333 2809 363 2844 ea
382 2810 435 2842 nou
452 2789 562 2860 liquere.
580 2787 656 2860 Quae
673 2790 715 2844 hic
732 2793 761 2843 iu
778 2799 855 2846 textu
923 2794 1105 2846 continentem
1124 2796 1196 2846 mitti
1212 2795 1333 2851 iusserit,
1352 2815 1386 2846 es
1404 2817 1453 2848 ur>

333 2867 411 2918 sunt,
426 2876 455 2909 ea
469 2857 550 2909 habet
560 2857 733 2928 metaphrasis
751 2859 857 2914 Graeca.
923 2871 979 2912 stro
1009 2861 1067 2914 loco
1097 2861 1239 2920 discimus,
1265 2866 1455 2916 continentem

333 2925 370 2974 M.
389 2923 593 3052 Yoxfflffio,
605 2927 668 2986 item
682 2925 758 2978 verba
771 2946 857 2988 omnes
923 2928 1038 2982 indicare
1056 2927 1183 2981 Galliam.
1200 2927 1243 2980 Cl'.
1260 2947 1282 2980 c.
1300 2943 1342 2992 27.
1360 2931 1402 2979 dd.

325 2991 387 3068 sm
404 3009 435 3054 tu
494 3045 497 3052 i
520 3027 527 3044 ·
545 3000 572 3051 st
587 2991 648 3053 edd.
665 3004 718 3054 nt.
734 2995 840 3057 dauni,
957 2997 1089 3066 subplicat.
1104 2996 1197 3054 doen&
1220 2995 1255 3053 ol·
1272 2995 1349 3052 Suet.
1366 3015 1391 3051 e.
1410 3007 1454 3064 ις.
