3040 5264
444 379 523 445 nn.
557 385 584 445 1.
617 387 710 446 cer.
746 371 822 472 4ο.
1073 435 1075 446 1
1123 353 1185 473 45

74 602 157 654 men
182 580 321 680 aliquid
343 608 430 656 usus
456 609 500 658 ao
525 587 741 687 disoiplina‚
775 613 883 687 quam
907 615 930 660 a
954 589 1055 662 nobis
1079 611 1191 664 aoce-

70 703 236 795 pissent,
262 697 493 773 sublevarent.
518 701 581 772 Ex
597 729 666 802 quo
684 705 841 778 iudicari
853 721 991 805 posset,
1015 721 1190 805 qnantum

75 811 220 884 baberet
244 819 283 882 in
308 839 347 886 se
372 813 455 886 boni
477 823 698 902 constantia‚·
729 834 914 918 propterea
948 821 1044 922 quod
1055 875 1066 912 ,
1100 849 1189 928 quos

75 929 300 1026 aliquamdiu
318 935 472 1004 inermos
489 937 566 1005 sine
583 959 711 1006 caussa
733 941 959 1028 timuissent,
986 939 1050 1012 bos
1065 955 1191 1038 postea

75 1057 235 1114 armatos
270 1069 314 1115 ao
347 1051 495 1119 victores
532 1063 768 1145 superassent.
820 1050 980 1152 Denique
1014 1053 1081 1125 lzos
1116 1079 1193 1130 esse

75 1161 243 1248 eosdem,
277 1161 486 1258 quibuscum
517 1189 767 1260 saepenumero
792 1167 948 1241 Helvetii
980 1175 1191 1268 congressi,

76 1299 151 1345 non
184 1275 300 1346 solum
331 1279 370 1346 in
404 1281 511 1366 szu's,
548 1279 613 1351 sed
645 1285 752 1351 etiam
784 1285 823 1352 in
858 1282 1002 1354 illorum
1024 1277 1194 1376 finibus,

74 1392 285 1489 plerumque
316 1396 544 1487 superarint,
582 1397 647 1491 qui
677 1407 795 1467 tamen
825 1419 934 1494 pares
967 1422 1044 1472 esse
1072 1413 1193 1470 nostro

76 1512 240 1577 exercitu
273 1531 344 1576 non
373 1513 565 1603 potuerint.
608 1506 649 1579 Si
679 1535 766 1608 quos
800 1510 987 1604 adversum
1017 1514 1195 1610 proelium

75 1633 115 1692 et
124 1617 233 1716 suga
261 1617 443 1692 Gallorum
484 1637 743 1712 commoneret,
775 1623 867 1712 bos,
900 1629 936 1696 si
967 1639 1196 1724 quaererent,

78 1739 234 1830 reperire
263 1758 392 1829 posse,
430 1734 664 1810 diuturnitate
696 1737 778 1810 belli
809 1735 1021 1837 defatigatis
1055 1737 1195 1832 Gallis,

78 1847 335 1937 Ariovistum,
365 1875 475 1947 quum
505 1850 635 1922 multos
668 1875 809 1944 menses¹
839 1859 968 1925 castris
999 1876 1040 1924 se
1063 1878 1108 1924 ae
1128 1879 1196 1948 pa·

78 1963 223 2036 indibus
249 1971 447 2058 tenuisset,
477 1990 588 2066 neque
612 1971 672 2040 sui
693 1979 903 2064 potestatem
912 1967 1096 2064 fecisset,
1129 1967 1196 2041 de-

78 2092 263 2174 sperantes
288 2085 362 2150 iam
388 2081 432 2152 de
453 2105 581 2178 pugna
606 2096 640 2154 et
665 2081 844 2180 dispersos
869 2083 984 2162 subito
1009 2080 1195 2169 adortum,

77 2201 203 2295 magis
229 2200 365 2268 ratione
388 2211 423 2270 et
447 2197 620 2284 cornilio,
647 2223 753 2296 quam
773 2204 928 2287 virtute,
954 2203 1093 2274 uicisse.
1126 2196 1198 2270 Cui

40 2315 44 2323 ⁴
79 2316 214 2385 rationi
238 2327 363 2385 contra
388 2311 547 2385 hanzines
573 2313 741 2386 barbaros
766 2327 872 2412 atque
896 2319 1065 2413 inperitos
1091 2313 1194 2386 locus

64 2429 214 2527 suisset
226 2486 238 2520 ‚
263 2429 333 2502 lzac
358 2453 404 2502 ne
430 2433 549 2531 ipsum
574 2430 716 2529 quidem
742 2419 908 2528 sperare,
935 2443 1073 2501 nostros
1095 2453 1198 2500 exer·

80 2553 178 2620 citus
204 2552 289 2646 oapi
309 2569 424 2646 posse.
475 2547 677 2646 Quisnam
702 2550 864 2618 timorem
890 2551 929 2617 in
955 2550 1010 2620 rei
1018 2544 1198 2638 srnrneu-

80 2667 199 2735 tariae
214 2662 476 2734 simulationem
500 2665 760 2759 angustiasque
784 2663 953 2738 itinerum
978 2657 1198 2754 corfirrent,

63 2777 205 2868 fitam
229 2775 471 2874 adroganter,
504 2799 615 2876 quum
649 2788 712 2846 aut
743 2773 787 2848 de
819 2777 933 2867 officio
968 2769 1199 2878 Imperatoris

80 2889 296 2985 desperare,
320 2903 384 2960 aut
405 2887 648 2985 praescribere
674 2887 884 2964 viderentur.
919 2885 1020 2958 Haeo
1037 2885 1108 2956 sibi
1123 2907 1200 2959 esse

79 3031 195 3079 curae
207 3035 221 3089 ;
230 3003 464 3098 frumentum
481 2999 688 3101 Sequanos,
713 3001 876 3091 Leuws,
903 3001 1088 3100 Lingonas
1113 2999 1201 3071 sub·

80 3124 322 3202 ministrare;
354 3122 497 3216 iamque
529 3142 607 3190 esse
632 3121 671 3188 in
696 3121 798 3216 agris
809 3115 1005 3211 frumenta
1030 3127 1201 3188 maturo.-

78 3239 130 3310 de
154 3243 282 3319 itinere
306 3239 402 3346 ipsos
427 3235 524 3310 brevi
548 3247 702 3334 ternpore
725 3231 958 3316 iudicaturos.
1003 3229 1107 3332 Quod
1128 3253 1201 3302 non

117 3520 229 3592 aliquid.
254 3520 300 3574 Sie
324 3517 400 3574 codd.
425 3529 452 3574 et
469 3518 527 3575 stt.
556 3528 609 3577 vet.

711 3514 764 3588 Qui
783 3533 855 3570 snum
878 3545 911 3557 -
932 3515 1090 3597 conferrent.
1110 3517 1202 3570 Simu·

78 3591 161 3659 vulgo
177 3590 281 3658 aliquis.

676 3581 740 3635 lotio
763 3585 801 3634 rei
828 3583 1014 3636 frumentariae
1033 3593 1073 3636 est
1090 3583 1202 3636 simule.-

117 3657 288 3708 niblevannt.
304 3655 366 3726 Lag.
384 3657 548 3718 sublevarint.
559 3657 609 3712 nes

78 3725 227 3798 ppaeteritn
244 3731 292 3784 est,
310 3725 352 3776 M.

116 3793 285 3852 constantia,
317 3791 424 3844 animus
452 3792 608 3864 intrepidus.

77 3869 115 3914 ut
134 3858 207 3932 apud
225 3857 300 3909 Curt-
318 3861 349 3922 3,
370 3875 408 3920 ¹²·

123 3945 177 3979 esse
211 3928 321 3978 eosdem.
362 3927 448 3998 Vulgo
482 3929 608 3991 addunt,

79 3999 241 4050 Germanos.
254 3995 297 4048 M.
310 3995 398 4048 Etiam
410 3996 470 4052 edd.
478 4006 531 4056 vet.
545 4001 609 4064 Ger-

77 4081 176 4114 manos
194 4063 242 4134 ltqa
258 4079 312 4120 esse
329 4063 438 4116 eosdem.

115 4131 182 4182 add.
203 4129 286 4200 prael.
304 4143 330 4181 et
340 4130 412 4212 snqa
434 4131 507 4184 Gall.
527 4131 568 4185 Cl.
585 4153 609 4196 e,

76 4198 111 4253 31
135 4208 163 4251 et
183 4203 222 4251 15.
239 4199 282 4250 Μ.

115 4285 145 4317 se
170 4267 299 4316 tenuisset.
325 4265 370 4320 Sic
392 4265 468 4320 codd.
494 4274 521 4318 et
549 4265 610 4321 edd.

77 4331 217 4404 quaedam
233 4342 286 4384 vet.
305 4333 418 4405 ntapud
435 4334 541 4400 Livium
561 4335 611 4389 sno·

78 4409 205 4471 quentor.
226 4399 312 4472 Vulgo
329 4419 356 4454 se
372 4406 543 4462 continuisset.

677 3651 715 3700 tio
737 3669 814 3703 cume
831 3667 861 3701 ac
891 3651 1010 3712 timoris,
1029 3669 1062 3703 ne
1081 3650 1201 3704 frume&

676 3725 737 3768 tum
754 3734 809 3768 non
827 3717 911 3786 possit
932 3717 1100 3788 supportari:
1122 3717 1158 3770 ol.
1174 3735 1200 3770 c·

676 3782 729 3851 39:
748 3791 775 3834 et
793 3785 914 3837 timorem
931 3785 1049 3836 conferre
1065 3785 1095 3836 in
1118 3785 1201 3838 simus

608 3859 612 3872 “
676 3849 803 3912 lationem
821 3851 858 3902 rei
876 3857 935 3912 est,
952 3849 1095 3912 simulare,
1120 3851 1201 3902 timos

677 3935 732 3968 rom
759 3919 821 3968 oriri
850 3935 881 3968 ex
906 3937 943 3970 re.
972 3917 1014 3969 M.
1041 3916 1156 3970 Ursinus
1173 3925 1201 3968 ct
1263 3935 1267 3944 ·

676 3984 796 4036 Ciaccon.
825 3991 937 4054 temere!
964 3989 1010 4054 qui
1034 3988 1075 4036 sui
1097 3987 1201 4036 linearis

675 4051 874 4102 simulationem.

708 4159 890 4229 praescribens.
913 4157 999 4228 Vulgo
1024 4159 1200 4229 praemittunt

676 4230 702 4278 ai
720 4237 809 4282 contra
825 4225 901 4280 codd.
915 4235 942 4278 et
959 4226 1017 4279 ald.
1034 4235 1113 4278 veter.

711 4335 816 4397 leucos·
839 4331 954 4402 Belgium
976 4331 1105 4386 Gallicam
1124 4329 1200 4396 inha-

677 4398 797 4462 bitarunt
807 4441 817 4466 ‚
836 4403 915 4461 vicini
931 4401 1106 4472 Lingonibus.
1131 4399 1175 4450 Μ.
