3000 5268
359 401 454 460 220
722 400 778 458 DE
813 399 948 460 tutto
983 402 1103 462 GALL.

405 627 471 702 29.
495 601 649 691 Caesar,
667 592 865 702 postquam
886 627 950 701 per
966 603 1081 676 Ubios
1100 601 1349 702 exploratores
1364 629 1447 679 com·

357 719 474 818 perit,
504 719 648 790 Suevos
673 741 750 790 sese
777 720 814 790 in
840 717 951 790 silvas
977 720 1174 817 recepisse,
1201 721 1358 820 inopiam
1384 721 1447 794 lru-

355 834 470 906 menti
513 834 678 920 veritus,
719 831 844 928 quod,
880 839 923 904 ut
958 857 1068 930 supra
1108 835 1448 926 demonstravimus,

356 949 508 1020 minime
535 971 663 1022 omnes
694 945 870 1018 Germani
904 949 1153 1045 agriculturae
1187 948 1356 1039 student,
1379 973 1448 1021 con·

356 1063 502 1150 stituit,
522 1086 593 1132 uon
616 1060 786 1160 progredi
805 1060 969 1160 longius:
990 1063 1072 1151 sed,
1091 1088 1137 1136 ne
1155 1066 1307 1136 omnino
1326 1069 1448 1136 metum

355 1177 498 1250 reditus
515 1177 571 1249 sui
591 1176 756 1253 barbaris
782 1175 946 1268 tolieret,
967 1185 1080 1275 atque
1106 1183 1150 1251 ut
1176 1202 1307 1252 eorum
1334 1177 1449 1250 auxilia

356 1293 546 1382 tardaret,
566 1292 722 1365 reducto
749 1293 938 1382 exercitu,
955 1299 1100 1391 partem
1127 1290 1302 1380 ultimam
1329 1293 1449 1389 pontis,

346 1435 451 1508 ,quae
486 1411 584 1508 ripas
617 1408 801 1486 Ubiorum
834 1411 1100 1509 contingebat,
1126 1410 1163 1484 in
1199 1409 1448 1510 longitudinem

354 1524 493 1623 pedum
512 1524 571 1613 CC
593 1523 789 1610 rescindit;
809 1530 922 1621 atque
949 1527 986 1597 io
1014 1531 1182 1598 extremo
1202 1531 1317 1624 ponte
1337 1525 1448 1598 turrim

291 1727 295 1735 Ι
355 1643 614 1716 tabulatorum
629 1649 792 1738 quatuor
805 1641 1325 1743 constituit,praesidiumque
1340 1635 1449 1715 cohor·

355 1756 451 1830 tium
471 1757 541 1827 llll
560 1757 684 1854 pontis
710 1755 839 1829 tuendi
865 1780 994 1830 caussa
1012 1758 1119 1856 ponit
1138 1759 1355 1859 magnisque
1380 1779 1449 1829 earn

353 1873 481 1948 locum
514 1873 784 1946 munitionibus
814 1873 952 1970 firmat.
1015 1873 1059 1948 Ei
1095 1873 1179 1948 loco
1214 1874 1471 1974 praesidioque.

355 1987 397 2060 C·
426 1985 641 2061 Volcatium
668 1983 819 2060 Tullum
847 1987 1122 2062 adolescentem
1147 1990 1345 2086 praefecit:
1371 1991 1450 2088 ipse,

313 2175 316 2182 ,
354 2125 473 2198 quum
498 2109 749 2176 maturescere
779 2103 965 2178 frumenta
997 2105 1224 2203 inciperent,
1258 2103 1304 2176 ad
1330 2101 1449 2176 bellurn

355 2221 583 2322 Ambiorigis
626 2221 838 2320 profectus,
865 2245 928 2320 per
954 2219 1186 2294 Arduennam
1210 2224 1354 2308 silvam,
1378 2245 1450 2322 quoe

235 2325 244 2344 ’
352 2352 406 2412 est
430 2342 538 2412 tatius
566 2335 702 2414 Galliae
727 2342 890 2412 murima
911 2351 1017 2436 utque
1041 2335 1085 2410 ud
1111 2341 1202 2434 ripis
1227 2337 1349 2422 Rheni
1373 2331 1448 2432 fini·

385 2620 515 2685 comperit.
556 2613 636 2670 Redit
651 2613 766 2666 uenatio
782 2611 816 2666 ad
832 2631 875 2676 ea,

353 2701 420 2756 quae
435 2703 492 2754 cap.
514 2700 552 2734 ιο.
568 2691 659 2752 coepta
677 2689 760 2733 erant.
778 2681 820 2733 M.

386 2779 498 2844 inopiam
511 2775 643 2848 frumeuti
665 2779 766 2826 veritus.
789 2775 839 2826 Dio
857 2774 875 2826 l.

352 2851 399 2905 4ο,
417 2842 458 2893 32.
480 2843 577 2896 Suevos
602 2844 714 2895 veritum
739 2841 876 2896 Caesarem

351 2910 446 2972 tradit,
463 2909 535 2980 quod
552 2911 640 2962 miuus
661 2908 808 2982 probabile.

384 3031 471 3084 supra·
489 3012 532 3067 Cf.
550 3034 573 3068 a.
592 3030 632 3066 22.
650 3015 688 3066 M.

383 3127 484 3176 minime
501 3141 594 3175 omnes.
643 3119 751 3190 Lipsius
768 3123 875 3192 reponit

349 3197 468 3242 vinarium.
503 3189 625 3244 Oudeud.
643 3187 734 3241 mallet
750 3188 873 3242 muana.

348 3255 465 3312 Giarecus
482 3276 571 3311 vocem
589 3259 701 3310 omittit.

380 3357 461 3421 ripas.
479 3351 534 3404 Alii
548 3358 651 3427 ripnuu.¹

379 3444 474 3495 belhem
491 3446 653 3517 Ambion'gis.
671 3446 714 3500 Cf.
729 3467 788 3522 cap.
800 3452 823 3502 ⁵.
833 3451 871 3503 Μ.

376 3565 424 3616 per
434 3547 604 3602 Arduennam
621 3551 869 3622 silvum--patct.

345 3613 414 3668 llaec
441 3615 518 3668 rerba
548 3618 657 3670 sortasse
688 3638 742 3672 uon
770 3631 833 3673 sunt
855 3641 869 3674 a

345 3681 467 3734 Caesare:
482 3702 544 3736 nam
561 3683 660 3738 absunt
676 3704 692 3738 a
709 3689 870 3760 metaphrasi

343 3749 457 3811 Graeca,
476 3760 507 3802 ut
529 3751 607 3804 multi
631 3755 700 3806 iuter
721 3767 786 3808 retes
810 3775 869 3808 rno-

344 3825 474 3893 nuerunt,
490 3827 518 3870 et
535 3835 652 3890 pugnare
670 3773 791 3875 ridentur
808 3841 869 3876 cum

342 3901 390 3943 us,
409 3901 472 3954 quae
490 3904 568 3955 supra
585 3893 623 3950 (5,
639 3887 665 3950 3)
683 3891 777 3944 tradita
795 3899 867 3944 sunt.

342 3949 382 4014 Ac
395 3957 426 4002 rte
441 3969 525 4020 pugna
543 3955 652 4024 quidem
668 3958 801 4028 utrimque
816 3957 868 4011 loci

343 4017 469 4070 (tellariua
483 4019 578 4084 <Notio
597 4022 652 4075 orb·
666 4033 721 4076 ant·
734 4026 766 4076 Τ.
783 4047 804 4080 ι.
813 4023 830 4078 Ι.
841 4042 867 4091 2,

341 4081 370 4144 3,
388 4083 436 4148 32>
454 4087 604 4151 existimat,
629 4091 797 4147 Arduennam
821 4091 867 4146 sil·

341 4167 401 4227 vam
418 4169 433 4204 a
451 4151 543 4206 Rheno
561 4157 730 4210 'l'revirorum
746 4163 780 4210 ad
797 4159 867 4214 Scal-

340 4215 397 4267 ‹lrm
414 4227 441 4269 et
466 4219 592 4284 Nervios,
614 4226 725 4280 iul'orius
752 4243 810 4278 vero
831 4228 866 4280 ad

340 4283 449 4346 libemus
469 4305 548 4358 usque
565 4292 738 4360 pertinuisse,
751 4293 866 4366 aliasque

339 4351 437 4422 inultas
454 4363 542 4418 gentes
570 4359 733 4427 complexam
753 4381 820 4422 esse,
839 4371 867 4415 et

339 4417 465 4476 hacteuus
477 4426 601 4504 componi
613 4425 677 4488 duos
688 4427 760 4482 locos
772 4444 865 4500 possm

942 2613 989 2668 sed
1006 2613 1078 2667 idem
1094 2615 1213 2684 agnovit,
1229 2615 1262 2670 in
1278 2633 1384 2671 numera
1398 2612 1448 2667 nili·

942 2683 987 2736 tus
1013 2683 1120 2750 amplias
1146 2683 1171 2734 D
1198 2682 1316 2747 baereri,
1342 2684 1448 2756 qaroninn

943 2751 1040 2802 nimius
1053 2751 1102 2816 sit3
1114 2753 1157 2802 sin
1168 2769 1244 2804 suasu
1259 2753 1345 2805 Vossii
1355 2771 1384 2803 ex
1395 2749 1447 2801 Oro

942 2819 983 2870 aio
1001 2821 1044 2883 (6,
1071 2835 1101 2868 io
1123 2817 1151 2870 iu
1173 2817 1232 2872 edd.
1252 2825 1343 2884 nntt.)
1365 2819 1447 2872 „urus

941 2883 1233 3014 eustatius
1252 2885 1448 3022 nutriit

940 3019 1030 3072 diuam
1069 3019 1127 3072 laue
1145 3022 1288 3090 ingentem.
1319 3025 1377 3076 lton
1393 3017 1446 3070 mals

940 3087 1020 3156 igitur
1037 3038 1134 3158 aliquis
1158 3085 1269 3152 dixerit,
1294 3085 1445 3143 haecomnia

939 3153 1018 3207 verba
1036 3155 1065 3205 iu
1083 3156 1226 3225 marginem
1250 3157 1330 3210 relata
1352 3175 1401 3210 esse
1419 3151 1445 3204 ab

939 3221 1028 3293 aliquo
1051 3240 1082 3301 ex
1105 3221 1210 3300 Orosio,
1228 3233 1257 3278 et
1274 3245 1287 3278 e
1305 3226 1409 3292 margine
1423 3222 1445 3269 in
1476 3235 1477 3240 ¹

938 3291 1445 3436 rtttssuemttttsts

937 3423 1444 3570 tltttrtrdtltttbsttittlt

939 3558 1012 3612 milia
1058 3577 1164 3612 ausuum
1190 3563 1354 3631 protenditur
1374 3559 1443 3619 sulvat

938 3627 1000 3678 inde
1017 3627 1184 3682 DAnvillius
1198 3629 1307 3682 coniicit
1323 3629 1332 3680 l
1360 3625 1443 3678 andum

937 3691 965 3744 h.
975 3693 992 3743 Ι.
1010 3695 1120 3772 amplius
1137 3696 1203 3756 ct,
1218 3697 1289 3750 unde
1305 3696 1351 3748 furi
1364 3695 1383 3744 is
1398 3695 1442 3742 erat

936 3758 1025 3831 lapsus
1042 3761 1209 3816 librariorum
1226 3765 1254 3818 in
1272 3763 1306 3816 D.
1334 3764 1443 3814 &narn

937 3835 1025 3880 totum
1043 3829 1070 3881 id
1114 3849 1212 3884 ossema
1237 3833 1344 3891 sentire,
1360 3825 1442 3880 lubens
1476 3861 1477 3882 r

934 3894 1058 3948 nancedo.
1103 3915 1180 3950 omen
1198 3899 1300 3961 Aeaee,
1317 3895 1440 3950 Ardeam»

934 3963 1078 4017 Arduenna
1095 3963 1159 4018 olim
1181 3983 1317 4020 murmane
1357 3963 1440 4034 lurion

935 4027 1061 4082 silvarum
1075 4031 1272 4086 fuissevidetur.
1286 4035 1315 4086 v.
1362 4027 1439 4082 maan

934 4093 1068 4150 llritannin
1092 4117 1148 4172 pag.
1173 4105 1231 4166 426.
1264 4101 1361 4155 Saltem
1377 4095 1439 4148 etin

933 4163 1042 4234 Angliae
1059 4169 1184 4222 comitatu
1197 4165 1367 4220 Warsricensi
1381 4162 1438 4230 regio

934 4229 1130 4287 Coventriensis
1155 4235 1233 4290 silvas
1260 4233 1337 4288 lubet
1355 4241 1439 4286 vasus,

933 4297 962 4350 in
999 4299 1077 4352 uibus
1095 4303 1229 4373 Hamptou
1242 4303 1335 4358 dicitur
1351 4315 1398 4350 esse
1413 4296 1436 4344 in

932 4366 968 4418 Ar
991 4385 1030 4418 en.
1059 4369 1100 4420 Gt.
1126 4369 1266 4426 D'Anrillr
1288 4369 1348 4424 Not
1368 4361 1437 4420 aab

933 4433 1018 4490 lisola
1035 4453 1063 4506 p.
1079 4441 1120 4506 ⁸9·
