2986 5268
331 421 410 483 nin.
444 423 514 483 vu.
549 423 642 486 cnr.
681 391 755 517 73.
793 409 867 516 74.

1051 391 1148 522 293
1219 507 1221 512 Α

45 627 334 708 occultabantur:
376 627 512 732 relique
544 651 630 724 pars
663 626 799 700 scrobis
832 627 883 700 od
919 627 1150 701 exaltandus

44 741 183 816 tistitus
226 741 418 818 viminibus
459 767 504 814 oc
543 742 710 840 virgultis
747 741 981 841 integebotur.
1025 741 1148 816 Huius
1200 777 1203 783 ·

40 861 174 954 generis
207 859 327 926 octoni
356 853 498 927 ordines
529 855 664 945 ducti,
703 869 821 928 ternos
849 861 944 927 inter
976 881 1015 928 se
1034 856 1145 952 pedes

44 973 224 1048 durabunt,
258 969 304 1044 Id
318 996 366 1049 ec
390 971 623 1044 similitudine
635 966 749 1067 floris
774 973 890 1044 lilium
915 973 1153 1071 adpellobont.

45 1087 131 1160 Ante
146 1085 233 1157 baec
258 1087 347 1159 telee
364 1087 514 1186 ,pedem
531 1089 659 1185 longae
667 1139 678 1174 ‚
681 1085 978 1180 ferreisfbemr's
995 1081 1122 1181 influis
1139 1143 1152 1178 ,

45 1216 130 1274 totae
146 1204 184 1272 in
208 1215 339 1274 terrum
359 1201 624 1296 infodiebantur
648 1202 951 1302 mediocribusque
975 1208 1154 1278 intermis«

44 1319 90 1388 sis
113 1319 268 1412 spatiis,
292 1317 455 1390 omnibus
480 1318 566 1392 locis
589 1315 877 1414 disferebuntur,
910 1343 1000 1415 quos
1027 1323 1155 1399 stimu«

44 1431 340 1510 losnominubnut.

89 1554 150 1645 74.
174 1549 379 1648 Hiswrebus
417 1548 620 1648 perfectis,
661 1550 829 1651 regiones
864 1557 1015 1625 secutus
1042 1575 1159 1650 quem

45 1668 163 1764 potuit
194 1667 432 1764 aequissimas
459 1690 527 1766 pro
545 1664 618 1738 loci
639 1673 800 1752 natura,
826 1669 932 1741 XIIII
951 1668 1051 1742 milia
1070 1695 1157 1770 pas-

46 1809 148 1857 suum
175 1786 417 1883 complexus‚
436 1808 541 1881 peres
568 1783 731 1856 eiusdem
755 1785 898 1883 generis
916 1787 1157 1879 munitiones,
1218 1841 1221 1858 .

46 1899 203 1974 diversas
230 1900 277 1971 ab
304 1900 384 1989 nis,
410 1905 542 1972 contra
563 1899 787 1976 exteriorem
809 1900 957 1996 hostem
979 1901 1160 2004 perfecit²

46 2021 85 2088 ut
111 2041 155 2090 ne
181 2039 319 2117 magna
353 2014 504 2114 quidem
534 2011 810 2104 multitudine,
844 2016 874 2088 si
914 2017 969 2094 ita
1008 2017 1157 2092 accidat

45 2135 122 2224 eius,
143 2133 327 2221 discessu,
342 2131 593 2206 munitionum
607 2128 787 2228 praesidia
804 2131 1054 2205 circumfundi
1068 2158 1159 2231 pos-

45 2259 144 2344 sent:
172 2275 247 2324 neu
275 2275 362 2322 eum
388 2245 552 2346 periculo
580 2269 627 2320 ex
654 2245 787 2318 cestris
811 2246 937 2346 egredi
960 2257 1163 2348 cogentur,¹

47 2363 185 2439 dierum
213 2366 319 2438 XXX
345 2361 526 2460 pabulum
553 2361 858 2456 frumentumque
874 2359 1009 2434 habere
1028 2386 1157 2438 omnes
1254 2399 1259 2408 ·

48 2487 272 2553 convectum
298 2478 414 2552 iubet.

47 2651 154 2722 Lipsius
173 2651 298 2719 (Poliorc.
317 2668 345 2713 2,
364 2653 404 2715 2),
421 2660 448 2702 et
464 2648 570 2703 Ouden-

47 2719 159 2790 ‹Iorpius.
193 2719 301 2797 Quodsi
319 2737 373 2771 non
391 2725 463 2776 totus
479 2715 570 2770 serohs

49 2794 110 2839 terre
134 2788 234 2860 plenus
259 2787 325 2848 tuit,
343 2785 407 2840 falsa
430 2794 471 2838 est
493 2783 569 2836 codd.

22 2909 26 2916 ,
49 2855 214 2926 quorundum
238 2853 327 2916 lectio,
344 2853 437 2925 singuli
454 2857 505 2918 (sc.
523 2851 571 2902 sti-

50 2923 134 2990 pites)
159 2925 192 2975 ab
218 2921 308 2993 irpfinw
332 2921 388 2972 solo
415 2917 492 2989 pedes
519 2931 572 2972 tres

51 2987 211 3052 (altitudine
242 2991 321 3042 trium
349 2987 471 3060 pedum)
501 2999 572 3036 terra

50 3058 267 3112 ruminabamur:
295 3075 358 3108 nem
384 3063 454 3107 totus
484 3052 574 3106 scrobs

52 3123 100 3179 suit
115 3133 166 3178 tres
181 3122 263 3194 pedes
280 3121 362 3182 dtus,
376 3121 421 3174 sed
435 3139 489 3172 non
503 3129 574 3172 totus

50 3192 100 3242 suit
117 3191 213 3264 plenus
233 3201 308 3244 ‘teme-
326 3189 451 3243 Ceterum
468 3195 575 3240 suntet

51 3257 112 3311 aIiae
130 3261 287 3318 varietates,
305 3275 371 3328 queo
388 3255 477 3310 locum
493 3254 575 3306 inter·

51 3325 167 3394 potatum
180 3345 238 3380 esse
249 3333 364 3394 angerent.
382 3324 426 3374 An
443 3321 576 3374 exculcere

51 3391 112 3445 alibi
134 3395 173 3446 sit
195 3391 322 3448 calcando
341 3389 453 3460 replere,
471 3385 575 3440 dubito.

51 3457 134 3514 Lotus
152 3469 195 3514 est
212 3461 329 3511 incertae
346 3455 475 3510 lectionis.
493 3456 530 3505 M.

82 3523 576 3586 stimulos.CI.B.rIfr.31,stiIieoeri.M.,

82 3595 173 3648 XIIII
186 3624 222 3634 -
237 3595 395 3663 complexus,
419 3593 447 3642 iu
466 3591 576 3643 circuitu

50 3659 127 3713 XIIII
145 3661 256 3714 milium
276 3678 405 3730 passuum.
423 3659 460 3712 M.

91 3747 159 3788 terres¹
183 3731 336 3786 tremitiones
358 3725 472 3796 perficit.
512 3724 579 3777 Gui-

53 3815 77 3848 sc
89 3797 178 3849 serdus
190 3795 224 3846 T.
236 3804 259 3861 4.
269 3815 295 3866 p.
311 3797 355 3847 162
367 3792 451 3844 intelli
470 3791 579 3844 italiam

52 3811 526 3931 circumvallationemquatuordecim
535 3861 581 3911 mi-

53 3927 118 3981 lium
132 3949 261 4002 passuum
268 3969 276 3992 ‚
289 3947 355 4000 qune
378 3927 457 3982 reletc
469 3927 501 3978 ud
513 3944 580 3992 euin,

53 4015 132 4066 quem
155 3999 255 4049 Cnesm
279 4013 301 4048 c.
328 3999 358 4064 69
382 3993 534 4066 deserIpsit,
555 4003 582 4046 et

54 4065 178 4116 undecim
200 4063 307 4115 milium
331 4081 455 4133 passuum
474 4062 582 4112 circuitu

56 4135 134 4185 inisse
147 4133 235 4189 dixit,
244 4140 283 4182 est
293 4131 412 4182 exterior.
425 4127 500 4198 Quen
513 4127 583 4180 idem

55 4199 111 4261 tlte,
129 4198 302 4252 aicuruodnte
319 4197 352 4249 nd
370 4216 425 4248 rem
443 4196 583 4252 militarem

55 4275 144 4320 contra
164 4266 344 4319 adversarium
363 4281 439 4316 suum
457 4263 584 4334 disputet,

55 4351 81 4384 ea
99 4353 155 4387 non
175 4339 245 4386 sunt
261 4331 352 4384 henim
365 4339 496 4382 nselmum.
514 4329 585 4381 IIIutI

56 4420 136 4454 tinum
162 4417 276 4473 qnnese,
298 4407 327 4452 ut
348 4397 445 4465 aliquis
468 4395 502 4450 ad
523 4397 585 4450 haec

56 4467 134 4530 verbu
157 4467 300 4523 attendat:
318 4469 467 4519 nectitiones
488 4483 565 4534 peres
575 4498 585 4532 ,

636 2659 665 2702 et
688 2648 797 2706 eiusdem
818 2653 933 2718 generis,
957 2650 1028 2716 (sed
1051 2653 1160 2714 fortusse

637 2716 681 2770 hie
702 2725 743 2768 est
763 2715 966 2790 pleonasmus,)
984 2726 1011 2770 et
1031 2720 1162 2780 diversus,

638 2782 824 2858 (quatenue?),
841 2793 868 2835 et
883 2785 999 2836 diversae
1020 2788 1052 2837 ab
1069 2785 1109 2838 his
1128 2792 1162 2852 (e

639 2849 778 2922 quibus?).
804 2849 860 2903 IIoe
877 2849 943 2922 quid
960 2854 1010 2914 sit,
1027 2854 1089 2924 quin
1108 2872 1162 2906 non

638 2920 704 2972 setis
722 2936 829 2988 pessum
845 2917 971 2990 adsequi,
988 2938 1035 2974 nec
1054 2920 1163 2991 probare

640 3005 688 3038 nee
706 2983 955 3056 inprobareuudeo.
994 2987 1088 3046 Adieci
1104 3007 1164 3040 ter-

640 3053 741 3106 sionem
759 3049 929 3106 Guiseherdi:
944 3053 980 3106 Ce
991 3057 1088 3112 travail
1095 3055 1165 3125 fini,

640 3121 661 3170 il
668 3119 709 3190 fit
719 3117 796 3187 seire
807 3119 851 3170 des
863 3137 986 3194 ouvrages
1003 3121 1034 3174 de
1047 3123 1073 3172 ln
1086 3124 1165 3173 mime

640 3187 723 3256 rspice
734 3187 767 3236 du
778 3185 832 3236 odtd
843 3189 937 3254 opposd
950 3202 1037 3245 contre
1048 3190 1166 3240 I'ennemi

640 3255 674 3306 du
691 3253 796 3304 debers.
823 3252 911 3305 Etiam
928 3253 1017 3310 Graec.
1035 3256 1166 3326 nietuphr.¹

642 3322 679 3374 sic
697 3319 837 3390 expressit:
848 3323 863 3396 ,‘
887 3329 933 3380 sier
953 3327 1165 3384 trististristis

643 3391 779 3458 ἕχυρῶσιις,
797 3411 840 3441 και·
868 3396 958 3444 ruentis
976 3395 1045 3460 (ergo
1062 3389 1119 3443 Ioco
1130 3390 1168 3442 di·

644 3455 742 3518 versae)
761 3465 812 3518 ταῖς
830 3462 954 3525 spirinse
973 3461 1042 3528 (ergo
1060 3455 1094 3510 eh
1112 3457 1167 3518 his,
1230 3459 1232 3464 '

646 3541 710 3594 quus
733 3531 794 3574 ente
818 3521 1020 3592 descripserat),
1044 3528 1104 3579 κατὰ
1129 3535 1168 3580 τοῦ

646 3597 728 3661 ἔξωθεν
746 3596 848 3656 mimice
866 3594 990 3653 r'eritimt·
1009 3591 1051 3643 M.

679 3659 832 3708 exteriorem
844 3655 951 3709 bostem.
969 3658 1098 3728 lnrettigit
1110 3675 1170 3710 eum

647 3725 803 3796 equitatum,
821 3741 901 3794 quem
917 3721 1112 3794 Vercingetorix
1128 3743 1170 3778 cn-

647 3791 724 3846 steIIo
741 3791 878 3843 dimiserat
895 3797 929 3856 (c.
948 3797 1003 3856 71),
1020 3802 1047 3844 et
1067 3793 1172 3862 copiose

648 3860 683 3913 nb
702 3857 747 3910 illo
764 3859 882 3927 equitatu
900 3858 1035 3921 collectas,
1051 3861 1098 3930 qui
1115 3877 1171 3912 om-

649 3945 695 3979 ues
713 3945 821 4040 neIruox
833 3925 1015 3987 adventarent,
1027 3925 1184 3982 verendum·

649 4003 711 4046 erut.
729 3995 765 4042 Α.

641 4071 645 4074 ·
684 4067 735 4110 eires
753 4061 876 4122 discessu,
893 4060 952 4132 quia
970 4059 1015 4112 ille
1032 4059 1139 4124 (bostis,
1150 4081 1172 4116 s.

651 4129 802 4208 equitatus)
824 4127 978 4206 discesserat
995 4133 1026 4192 (e
1042 4129 1173 4192 castellot

651 4197 703 4273 bic¹
714 4205 784 4314 eeppt
800 4195 976 4273 Guisclrardns
989 4197 1025 4273 ΙΤ.
1038 4206 1061 4260 4.
1076 4214 1102 4266 p.
1119 4199 1175 4262 167,

653 4272 679 4314 et
696 4281 724 4312 in
772 4281 884 4315 emenus
899 4263 1036 4316 mdttsrres
1054 4263 1085 4313 T.
1107 4281 1127 4314 1.
1147 4283 1174 4334 p·

653 4329 774 4466 ²9{edidi
790 4411 921 4470 eoguntur.
959 4397 1029 4470 Male
1045 4397 1120 4474 vulgo
1133 4414 1177 4452 ωε·

651 4476 780 4534 gerentur.
797 4469 801 4482 “
