2986 5268
316 335 411 438 280
682 349 737 433 ua
774 347 909 432 netto
946 351 1067 432 canta

369 573 430 654 58.
455 575 640 650 Labienus
666 575 787 673 primo
812 576 938 648 vineas
966 573 1098 677 agere,
1130 571 1296 647 cratibus
1323 579 1430 672 atque

317 719 452 797 aggere
468 693 639 794 paludem
659 691 806 792 explere
829 697 942 788 atque
959 693 1031 764 iter
1052 693 1196 789 munire
1215 689 1432 763 conabatur.

317 819 520 920 Postquam
538 811 576 886 id
595 806 783 884 difficilius
800 809 951 884 confieri
975 809 1265 898 animadvertit,
1291 809 1431 881 silentio

319 959 339 1008 c
369 933 501 1006 castris
522 931 635 1003 tertia
653 925 779 1028 vigilia
797 949 985 1026 egressus,
1002 923 1152 1011 eudem,
1173 946 1248 1024 quo
1270 931 1434 1015 venerat,

317 1052 451 1126 itinere
476 1045 722 1122 Melodunum
749 1041 932 1142 pervenit.
958 1041 1000 1116 ld
1026 1049 1083 1118 est
1114 1043 1293 1142 oppidum
1326 1045 1436 1115 Seno-

318 1193 433 1258 num,
450 1161 622 1240 ininsula
641 1163 834 1260 Sequanae
852 1159 1040 1259 positum,
1057 1165 1100 1232 ut
1114 1159 1240 1258 paullo
1260 1160 1351 1232 aute
1367 1162 1438 1232 Lu-

318 1287 449 1360 tetiam
478 1281 648 1356 diximus.
674 1275 921 1377 Depreheosis
950 1275 1109 1349 navibus
1129 1277 1281 1350 circiter
1297 1259 1330 1348 L
1349 1277 1436 1350 cele

318 1400 482 1498 'riterque
509 1395 744 1479 coniunctis;
776 1397 890 1492 atque
911 1413 956 1464 eo
983 1387 1163 1463 militibus
1189 1391 1386 1488 inpositis,
1405 1397 1437 1463 et

318 1512 373 1586 rei
400 1509 568 1583 novitate
601 1507 806 1607 perterritis
850 1503 1074 1606 oppidanis,
1111 1525 1273 1602 quorum
1304 1527 1438 1604 magna

320 1631 504 1726 parserat
539 1621 585 1696 ad
622 1621 762 1696 bellum
784 1629 963 1711 evocata,
984 1621 1061 1694 sine
1080 1624 1322 1696 contentione
1343 1623 1440 1721 oppi-

321 1741 370 1816 do
401 1740 557 1864 potitur.
583 1735 742 1810 Refecto
770 1743 910 1836 ponte,
942 1759 1054 1834 quern
1083 1735 1438 1834 superioribuadie·

321 1853 392 1927 bus
421 1854 545 1926 hostes
579 1845 829 1942 resciderunt,
849 1852 1056 1926 exercitum
1084 1849 1295 1925 transducit
1321 1855 1365 1922 et
1388 1874 1439 1922 se-

322 1971 442 2046 cundo
460 1969 611 2045 flumine
628 1970 674 2043 ad
689 1969 879 2044 Lutetiam
898 1970 971 2042 iter
989 1969 1111 2043 lacere
1133 1971 1270 2068 coepit.
1288 1969 1439 2050 Hostes,

323 2113 364 2161 re
388 2088 542 2189 cognita
568 2085 614 2156 ab
644 2087 705 2176 iis,
732 2085 795 2184 qui
826 2083 1069 2158 aMelodnno
1086 2083 1349 2184 profugerant,
1367 2084 1441 2154 Ln-

324 2203 455 2276 tetiam
486 2199 693 2275 incendunt
726 2205 931 2300 pontesque
962 2200 1040 2274 eius
1062 2197 1185 2298 oppidi
1206 2195 1365 2270 rescindi
1385 2199 1441 2268 iu-

324 2318 433 2394 beata
460 2319 528 2419 ipsi
561 2315 718 2416 profecti
751 2341 771 2387 a
800 2313 958 2414 palude,
985 2317 1024 2389 in
1057 2317 1145 2414 ripis
1173 2315 1390 2413 Sequanae,
1422 2325 1438 2382 e

325 2434 475 2533 regione
492 2432 687 2519 Lutetiae,
714 2437 845 2502 corrtra
872 2429 1024 2501 Labieni
1044 2435 1164 2502 castra
1192 2425 1406 2500 considunt.

376 2551 438 2648 59.
465 2551 543 2621 lam
563 2547 739 2620 Caesara
766 2546 953 2646 Gergovia
978 2545 1183 2620 discessisse
1203 2543 1439 2618 audiebatur:

326 2669 401 2742 iam
426 2667 471 2739 de
504 2663 719 2739 aeduorum
744 2661 950 2736 delectione
971 2671 1009 2736 et
1025 2663 1188 2738 secundo
1207 2651 1349 2736 Galliae
1365 2688 1444 2734 mo-

326 2790 371 2857 tu
398 2806 568 2857 rumores
591 2779 875 2868 adferebantur,
894 2779 1063 2880 Gallique
1092 2783 1129 2854 in
1148 2780 1376 2880 conloquiis,
1395 2783 1444 2854 in·

326 2895 534 2970 terclusum
551 2895 685 2969 itinere
706 2901 744 2968 et
762 2896 882 2997 Ligeri
903 2895 1119 2985 Caesarem,
1132 2895 1443 2995 inopiafrn'menti

329 3021 528 3103 coactum,
553 3013 591 3086 in
617 3013 853 3087 Provinciam
886 3013 1118 3088 contendisse
1160 3013 1442 3088 confirmabant.

326 3128 514 3202 Bellovaci
548 3135 698 3217 autem,
717 3127 925 3200 detectione
945 3127 1160 3202 Aeduorum
1187 3131 1357 3231 cognita,
1385 3129 1444 3227 qut

328 3254 415 3322 ante
434 3251 540 3320 erant
560 3269 625 3344 per
639 3271 676 3318 se
690 3243 871 3328 infideles,
901 3269 1032 3317 manus
1056 3269 1188 3346 cogere
1207 3253 1319 3342 atque
1340 3271 1444 3344 aper‹

328 3371 367 3438 te
398 3363 535 3436 bellum
560 3385 687 3460 parare
720 3365 937 3464 coeperunt²
976 3358 1074 3436 Tum
1106 3361 1309 3452 Labienus,
1339 3371 1443 3436 tanta

327 3497 454 3554 rerum
496 3478 818 3566 commutatione,
848 3456 958 3575 longe
986 3475 1088 3551 alind
1126 3479 1194 3552 sibi
1226 3481 1442 3578 capiendum

264 3598 268 3604 “
329 3595 524 3672 consilium
543 3651 553 3688 ,
573 3601 685 3694 atque
705 3599 815 3666 antea
833 3603 1024 3686 senserat,
1041 3593 1306 3698 intellegebat:
1329 3611 1442 3697 neque

364 3861 536 3912 Metodunum.
582 3857 625 3912 Sic
650 3851 726 3907 codd.
752 3871 852 3906 omnes.
954 3859 1096 3912 emandans.
1114 3859 1171 3914 Alii
1188 3863 1295 3916 incenati,

330 3928 510 3992 Scaligerum,
535 3925 581 3996 qui
607 3921 779 3976 Metiosedum
804 3919 851 3972 lei
972 3947 1061 3993 mm·
1130 3943 1205 3996 Me
1231 3945 1261 3995 (a.
1347 3927 1354 3959 ς
1404 3921 1436 3980 ;,

331 3996 427 4054 soluit,
446 3991 597 4065 inprobavit
619 3990 747 4044 Cellarius
769 3987 803 4040 ad
826 3939 852 4039 ll.
937 3941 1025 4062 egimse
1041 3962 1128 4064 daga?
1155 3963 1386 4064 Μὰηῖωωωε
1402 3961 1426 3996 ¹⁰

331 4057 350 4122 l.
376 4073 403 4116 et
426 4065 454 4116 in
476 4081 554 4124 opere
579 4055 748 4126 generaplrico
774 4055 806 4106 T.
831 4069 853 4105 ι.
893 4068 900 4072 ·
920 4025 936 4080 8
1137 4029 1154 4076 p
1219 4093 1225 4104 ,
1424 4087 1437 4126 '.

331 4127 363 4182 l..
382 4147 411 4190 a,
429 4147 452 4180 ι.
470 4131 506 4180 Μ.
525 4125 584 4182 Scll.
609 4126 776 4177 Meledunnm
799 4130 854 4174 erat
953 4101 1024 4140 mm
1040 4087 1164 4170 “cumlq’
1218 4112 1225 4142 ¹
1251 4107 1373 4169 ll¹⁸⁰⁵l³ere
1390 4108 1427 4145 ⁸¹¹⁶

332 4215 412 4266 supra
426 4195 560 4272 Lutetiam
577 4195 605 4244 in
623 4187 788 4257 Scironibus3
801 4191 855 4240 Me·
921 4165 1040 4264 afim*
1058 4149 1179 4264 M⁰¹l¹¹¹tfl
1205 4155 1422 4263 ⁰l⁰¹¹¹f¹¹¹¹¹¹⁵dls

333 4263 455 4314 tioscdum
467 4262 532 4312 mira
545 4262 574 4312 in
586 4259 700 4314 Parisiis.
716 4257 785 4312 Vide
797 4265 854 4310 not.
954 4261 1045 4300 strom
1058 4259 1084 4300 et
1093 4248 1194 4322 Liger-r,
1211 4258 1324 4304 transitu
1338 4249 1438 4321 Ligeris.

334 4328 369 4382 ad
387 4349 408 4382 c·
426 4331 467 4378 61·

955 4399 999 4463 qni
1010 4407 1076 4445 ¹(inte
1093 4409 1176 4446 errant.
1212 4395 1267 4447 Atii
1279 4463 1282 4472 Α
1294 4402 1354 4464 an'a
1372 4406 1437 4448 arare,

366 4465 490 4532 ‘Uitellia
506 4460 563 4520 stu
578 4464 681 4516 ὺιίοσεὺ.
923 4461 992 4518 sude
1002 4463 1128 4520 llsiusius
1139 4463 1247 4518 conticit
1259 4469 1303 4533 qu
1315 4465 1366 4518 irim
1378 4473 1436 4514 mera
