3032 5266
385 429 463 488 nus.
499 429 526 487 1.
569 427 661 488 cnr.
699 395 874 525 75—79.
1085 418 1172 516 42¹

115 655 185 726 77.
211 633 366 718 Caesar,
393 634 455 729 qui
482 631 632 706 milites.
650 633 947 707 adversariorum
979 634 1018 706 in
1060 641 1184 714 castra

44 761 131 844 per
159 754 310 845 tempus
336 744 522 844 conloquii
557 754 765 831 venerant,
806 771 952 822 summa
992 747 1185 848 diligentia

49 864 240 960 conquiri
265 867 304 934 et
328 863 470 936 remitti
496 862 618 935 iubet:
646 861 709 936 sed
736 886 782 935 ex
808 885 963 936 numero
981 863 1187 960 ¹Tribuno-

48 1001 153 1048 rum
174 975 337 1050 militurn
356 974 701 1073 Centurionumque
720 975 886 1049 nonnulli
904 999 971 1048 sua
985 975 1184 1050 voluntate

53 1089 172 1188 apud
199 1113 285 1162 eum
312 1097 590 1175 remanserunt,
619 1115 714 1188 quos
738 1089 798 1162 ille
825 1095 954 1188 postea
988 1113 1125 1187 magno
1143 1089 1183 1161 in

55 1205 215 1278 honore
256 1205 411 1278 babuit:
455 1207 701 1280 Centuriones
725 1207 763 1279 in
789 1205 984 1304 ampliores
1019 1203 1185 1295 ordines,

56 1324 227 1420 Equites
252 1323 450 1396 Romanos.
468 1323 506 1394 in
532 1322 784 1396 Tribunitium
807 1323 974 1397 restituit
990 1323 1186 1396 bonorem.
1240 1306 1243 1314 λ

125 1441 186 1532 78.
213 1438 483 1512 Premebantur
502 1438 692 1512 Afraniani
712 1437 975 1536 pabulatione,
990 1440 1185 1536 aquaban-

60 1562 135 1629 tur
153 1577 283 1654 aegre,
302 1555 478 1628 frumenti
498 1555 645 1651 copiam
664 1552 854 1650 legionarii
884 1549 1100 1627 nonnullam
1114 1554 1184 1656 ba·

62 1669 234 1755 hebent,
249 1669 349 1765 quod
368 1669 510 1740 dierum
521 1667 626 1740 XXll
640 1666 688 1739 ab
705 1665 826 1739 Ilerda
844 1666 1077 1741 frumentum
1096 1667 1186 1739 iussi

66 1789 184 1855 erant
213 1781 363 1867 efferre3
390 1783 521 1856 cetrati
549 1780 817 1878 auxiliaresque
836 1779 997 1871 nullam,
1025 1803 1187 1878 quorum
1294 1835 1301 1863 .,

67 1901 184 1969 erant
210 1901 249 1970 et
274 1895 472 1970 facultates
502 1895 548 1967 ad
575 1894 780 1994 parandum
821 1895 1000 1994 exiguae,
1037 1897 1078 1967 et
1104 1917 1187 1966 cor·

73 2035 170 2113 pora
195 2013 342 2086 insueta
368 2013 416 2086 ad
442 2035 558 2084 onera·
581 2011 783 2110 portanda:
802 2013 928 2110 itaque
950 2035 1109 2110 magnus
1127 2036 1187 2085 eo·

69 2153 161 2200 rurn
189 2122 354 2224 quotidie
380 2151 556 2201 numerus
583 2127 629 2200 ad
647 2127 844 2200 Caesarem
870 2127 1114 2228 perfugiebat.
1142 2130 1186 2200 ln

64 2242 133 2314 bis
159 2248 240 2315 erat
273 2244 451 2342 angustiis
477 2266 556 2327 res;
599 2241 663 2314 sed
696 2235 748 2313 'ex
787 2241 985 2338 propositis
1025 2239 1188 2314 consiliis

75 2354 223 2427 duobus
249 2355 457 2453 explicitius
484 2355 703 2445 videbatur,
724 2355 887 2428 'Ilerdam
908 2355 1070 2442 reverti,
1087 2353 1188 2449 quod

75 2471 129 2542 ini
161 2469 576 2568 paullulum'frumenti'
598 2471 843 2568 reliquerant:
870 2471 922 2542 ibi
945 2495 983 2544 se
1001 2471 1189 2567 reliquum
1303 2506 1310 2518 ·

49 2607 51 2622 ¹
79 2582 274 2668 consilium
302 2583 553 2683 explicaturos
580 2586 828 2659 confidebant.
866 2586 1031 2658 Tarraco
1058 2585 1190 2658 aberat

79 2693 242 2796 longius:
271 2722 346 2794 quo
372 2699 490 2796 spatio
517 2698 641 2798 plures
668 2723 745 2773 rem
774 2722 879 2798 posse
898 2721 1005 2772 casus
1023 2697 1190 2796 recipere

79 2810 352 2910 intellegebant
378 2815 461 2886 Hoc
487 2813 646 2913 probato
674 2814 848 2903 consilio,
877 2811 1086 2886 ex‘castris
1105 2835 1192 2909 pro·

81 2926 309 3001 ficiscuntur.
335 2927 490 3020 Caesar,
518 2933 687 3027 equitatu
714 2931 934 3028 praemisso,=
975 2930 1038 3024 qui
1066 2930 1193 3000 novis-

83 3043 215 3116 simum
243 3069 378 3144 agmen
404 3055 572 3143 carperet
597 3053 709 3142 atque
736 3047 944 3144 inpediret,
972 3047 1060 3144 ipse
1104 3069 1193 3118 cum

82 3154 286 3256 legionibus
303 3158 553 3256 subsequitur.
578 3159 733 3232 Nullum
750 3157 1005 3232 intercedebat
1023 3166 1191 3258 tempus,

84 3275 171 3374 quin
195 3258 352 3348 extremi
379 3301 466 3348 cum
493 3277 678 3376 equitibus
704 3277 988 3377 proeliarentur.

135 3412 191 3486 79.
217 3391 343 3464 Genus
369 3398 450 3465 erat
475 3391 547 3466 hoc
575 3415 732 3493 pugnae.
784 3393 989 3494 Expeditae
1016 3392 1190 3468 cobortes

119 3826 144 3870 in
162 3821 263 3872 Tribun-
281 3826 361 3871 rercit.
380 3820 441 3870 don.
470 3817 602 3872 Tribunos
700 3819 799 3871 dier-um
816 3817 899 3872 ml
909 3819 940 3869 ab
952 3817 1042 3870 Ilerrla
1054 3825 1105 3872 etc.
1123 3817 1194 3872 Coa-

86 3903 196 3955 rnilitum
214 3905 284 3956 serit.
301 3904 437 3968 Gellurrm.
456 3901 505 3952 Pro
521 3901 602 3968 Equi·
671 3899 779 3952 trarinm
797 3907 885 3950 narrat
904 3897 955 3950 Dio
973 3909 1017 3962 41,
1037 3913 1076 3949 20.

88 3999 124 4036 rer
139 3985 264 4035 Romanor
280 3985 391 4036 Vossius
408 4002 422 4034 a
439 3981 528 4035 codice
546 3999 602 4034 uno
702 3977 737 4028 ad
751 3977 906 4046 parandam.
961 3976 1025 4030 Siue
1042 3973 1125 4028 dnbio
1142 3973 1193 4030 hoc

88 4077 110 4114 et
131 4063 249 4114 Tribunos
267 4062 316 4130 legi
337 4061 411 4122 vult,
428 4079 487 4132 qum
509 4059 601 4130 paullo
669 4063 770 4108 rectum
785 4063 834 4110 ast.
851 4053 1034 4107 Nihilominus
1055 4055 1084 4105 in
1102 4057 1192 4122 omqi-

88 4153 145 4196 unte
166 4142 277 4194 Tribuni
302 4143 419 4195 militum
443 4141 543 4192 venisse
561 4141 602 4192 di·
669 4135 719 4190 bus
744 4135 821 4189 MSS·
846 4137 925 4198 meis,
951 4155 1062 4186 nurnero
1087 4135 1216 4214 decem,¹

89 4229 187 4278 cuntur,
200 4227 227 4270 ct
240 4239 293 4272 uon
312 4239 403 4272 ornnes
420 4219 534 4272 Tribuni
551 4219 602 4270 mi·
670 4221 707 4280 (et
727 4215 786 4268 cdd.
810 4219 893 4280 vett.)
916 4215 1040 4269 scribitur
1059 4216 1094 4268 ad
1114 4235 1194 4286 praer-

90 4300 163 4354 lirum
179 4299 286 4351 fuerunt
303 4299 489 4370 Equites,sorl
507 4307 533 4350 et
550 4298 603 4368 plc-
668 4300 744 4348 rlr'um.
775 4295 918 4350 Debuisset
935 4295 1029 4350 saltem
1044 4295 1193 4366 pororrdrim
1235 4331 1240 4344 .

92 4379 147 4430 boii.
177 4377 274 4430 Eadem
291 4377 367 4432 lectio
386 4387 426 4434 est
442 4381 470 4432 in
489 4395 542 4432 uno
560 4396 602 4432 eo·
669 4376 742 4430 midi.
762 4377 829 4427 Oud.

91 4459 143 4512 dics
158 4459 224 4512 Ourl.
242 4459 285 4512 M.
701 4456 881 4524 explicaturos·
898 4453 955 4510 Alii
971 4456 1128 4526 expleturos.
