3040 5264
227 323 232 335 ·
331 283 415 406 84*
638 367 642 374 .
694 317 750 378 nn
785 313 920 376 1³an
954 317 1076 376 cont.

331 527 390 596 tos
406 525 535 594 nostra
558 519 764 594 contemtui
790 524 866 606 esi,
886 519 981 590 {anti
1006 514 1129 590 oneris
1150 515 1287 588 turrim
1310 516 1353 588 in
1369 537 1456 588 mu·

331 662 393 712 ros
419 661 496 710 sese
524 633 718 711 conlocare
745 631 1005 706 confiderent?

409 756 470 827 31.
497 751 568 822 Ubi
594 773 683 823 vero
704 751 844 822 moveri
872 758 911 821 et
932 747 1227 846 adpropinquare
1250 745 1455 818 moenibus

334 865 532 952 viderunt,
558 887 655 936 nova
683 871 797 962 atque
824 865 1003 936 inusitata
1021 864 1142 960 specie
1169 861 1388 946 commoti,
1407 859 1459 930 ie-

334 992 439 1086 gatos
465 980 509 1053 ad
535 982 729 1056 Caesarem
753 980 798 1053 de
823 1005 914 1079 pace
937 980 1140 1068 miserunt,
1168 979 1253 1075 qui,
1279 975 1456 1047 adhunc

333 1097 488 1170 modum
511 1093 627 1170 ionuti
645 1123 653 1164 ε
682 1096 764 1168 Non
782 1120 821 1168 se
837 1101 1066 1182 existimare,
1093 1091 1275 1164 Romanos
1293 1095 1382 1162 sine
1399 1113 1459 1186 ops

229 1223 233 1230 '
334 1209 456 1282 divina
475 1209 602 1280 toltum
616 1235 761 1306 gerere,
780 1213 844 1306 qui
859 1222 978 1281 tantae
995 1207 1194 1280 altitudinis
1211 1204 1458 1276 machinatio·

319 1345 397 1394 ·nes
417 1339 517 1393 tanto
532 1324 707 1396 eeleritate
727 1347 932 1418 promovere
960 1337 993 1394 et
1018 1347 1065 1394 osc
1088 1323 1364 1418 propinquitate
1388 1344 1457 1416 pu·

332 1462 451 1536 gnare
480 1451 652 1533 possent.-
677 1463 870 1534 sessioque
900 1441 1020 1508 omnia
1044 1461 1167 1508 eornm
1181 1439 1360 1531 potestati
1377 1457 1458 1528 per·

337 1566 496 1636 mittere,
524 1551 708 1624 dixerunt.
741 1549 856 1624 Unum
874 1565 992 1648 petere
1008 1576 1051 1622 oo
1069 1550 1253 1645 deprecari
1259 1577 1272 1615 .·
1291 1552 1332 1618 si
1331 1546 1455 1640 fhrte,

334 1689 404 1760 pro
420 1689 488 1734 sna
506 1666 689 1742 clementio
715 1693 758 1738 oo
783 1664 1070 1749 mansuetudine,
1097 1687 1204 1759 quam
1221 1663 1296 1757 ipsi
1313 1659 1364 1730 ab
1380 1660 1457 1727 aisis

339 1776 521 1866 audirent,
538 1789 737 1869 statuisset,
752 1781 960 1856 Aduatucos
976 1804 1053 1852 esse
1069 1776 1349 1860 conservandos,
1369 1797 1411 1844 ne
1423 1794 1456 1842 so

341 1897 453 1966 armis
470 1893 705 1988 despoliaret:
730 1896 802 1967 sibi
815 1889 1228 1990 ornnesserefinitumos
1243 1917 1324 1964 esse
1343 1892 1457 1962 tritini-

342 2029 402 2076 cos
421 2032 465 2078 ao
482 2032 568 2080 snae
585 2014 708 2080 virtuti
724 2011 906 2092 invidere5
923 2036 945 2078 a
964 2011 1089 2106 qzn'lins
1105 2032 1144 2079 se
1157 2005 1369 2099 defendere,
1387 2018 1457 2074 troi

344 2121 430 2198 ditis
447 2131 577 2213 armis,
603 2151 671 2196 non
686 2140 840 2224 possent.
865 2124 941 2196 Sibi
954 2139 1153 2219 praestare,
1178 2131 1213 2196 si
1236 2128 1274 2194 in
1296 2151 1381 2196 eum
1400 2147 1457 2190 ea-

345 2263 426 2314 sum
444 2239 718 2330 deducerentur,
736 2239 1096 2340 quamvisfiortnnnm
1109 2269 1132 2312 a
1149 2241 1284 2337 Populo
1298 2243 1457 2312 Romano

340 2363 438 2454 poti,
465 2383 574 2454 qnam
590 2359 634 2430 ab
652 2359 711 2430 itis
733 2383 800 2454 per
824 2365 1025 2434 crustatum
1048 2354 1206 2454 interfici
1218 2411 1229 2447 ,
1253 2364 1351 2432 inter
1377 2379 1456 2455 qnos

312 2533 314 2537 .
344 2467 526 2543 donn'nari
550 2485 785 2546 consuessent.

427 2583 488 2657 32·
515 2583 574 2654 Ad
592 2585 682 2658 haec
702 2587 837 2658 Caesar
854 2585 1068 2682 responditt
1097 2583 1140 2658 Se
1163 2589 1285 2684 magis
1311 2603 1457 2656 consue-

350 2699 473 2772 tudine
498 2725 588 2784 sno,
614 2725 721 2797 qnam
747 2706 871 2774 merito
898 2728 1045 2790 eornm,
1071 2709 1248 2774 civitatem
1275 2721 1457 2774 conserva-

351 2826 499 2900 tnrnm,
522 2819 557 2884 si
577 2822 683 2912 prius
710 2841 817 2913 quom
834 2843 977 2890 murum
995 2823 1089 2888 ories
1106 2816 1322 2912 adtigisset,
1348 2839 1386 2884 se
1402 2810 1459 2882 de-

352 2925 551 3018 di'dissent;
577 2929 642 3002 sed
665 2929 852 3002 deditionis
870 2932 1004 3002 nullom
1021 2955 1098 3004 esse
1115 2930 1372 3014 conditionem,
1396 2921 1458 2995 nisi

282 3107 285 3124 ,
353 3047 466 3121 armis
484 3045 644 3119 traditis:
669 3071 708 3119 se
722 3045 763 3118 id
778 3045 874 3144 qnod
886 3051 925 3116 in
942 3045 1087 3119 Nerviis
1091 3046 1264 3139 sinisset,
1272 3043 1459 3138 sactorum

343 3153 599 3258 finitumisque
624 3167 882 3258 imperaturam
904 3213 915 3248 ,
936 3187 982 3236 ne
1006 3188 1113 3260 qnam
1140 3163 1312 3240 dedititiis
1340 3153 1462 3256 Populi

356 3279 514 3354 Romani
529 3285 699 3352 iniuriam
716 3279 901 3374 irfferrent.
919 3279 974 3350 Re
994 3281 1171 3352 nunciata
1188 3279 1234 3352 ad
1253 3305 1361 3364 suos,
1380 3294 1458 3376 quot

356 3393 634 3486 imperarentur,
638 3393 771 3485 faeere
790 3392 976 3464 dixerunt.
996 3395 1196 3498 Armoruin
1215 3403 1357 3494 magnit
1372 3384 1459 3460 mul-

358 3505 519 3582 titudine
538 3508 584 3584 de
602 3531 711 3584 muro
729 3509 768 3582 in
785 3507 944 3599 fossam,
961 3533 1056 3606 quae
1072 3519 1154 3588 erat
1170 3519 1257 3586 ante
1276 3508 1458 3613 oppidum,

392 3785 421 3833 in
431 3801 518 3836 muros
535 3785 552 3834 i.
565 3804 587 3835 o.
605 3785 676 3838 iuxta
694 3804 791 3840 muros.
810 3785 883 3846 Fati·
982 3787 1108 3846 andimus.
1133 3785 1178 3846 Sic
1201 3785 1278 3840 codd.
1301 3785 1373 3840 boni·
1394 3775 1458 3842 '¹¹¹8'

359 3866 410 3900 nus
421 3859 450 3902 et
461 3850 574 3904 Ursinus
587 3851 654 3906 mole
672 3857 797 3914 innostro,
812 3854 882 3924 quod
950 3857 1086 3908 astitissent.
1103 3859 1189 3908 forsan
1207 3861 1330 3907 nactirine.
1348 3850 1410 3903 ond.

360 3919 458 3970 teintot
474 3917 584 3988 Lipsius
603 3921 710 3988 poliorc-
730 3939 760 3982 2,
780 3935 802 3986 4.
982 3929 1009 3974 in
1026 3923 1138 3978 Nerviis.
1156 3922 1233 3992 vulgo
1250 3928 1277 3972 in
1294 3922 1409 3976 Nervios.
1427 3947 1429 3952 .

394 3984 459 4038 Non
481 4004 507 4036 se
531 3989 686 4046 existimare.
715 3987 798 4044 Codd.
825 3988 883 4058 qni·
983 4008 1049 4058 qitae
1071 3995 1270 4060 imperarentur.
1287 3989 1371 4055 Vulgo
1395 3995 1458 4050 isne·

361 4049 424 4102 dam
449 4053 579 4104 omittunt
603 4070 769 4124 pronomen,
796 4054 885 4128 ellipsi
952 4059 1068 4109 mittitur
1091 4059 1131 4108 iili
1154 4077 1200 4118 se,
1224 4057 1295 4127 quod
1317 4075 1331 4107 a
1354 4047 1421 4104 codd.
1436 4048 1458 4092 tl

361 4125 492 4170 consueta.
605 4125 606 4128 ’
951 4123 1012 4175 edd.
1030 4133 1080 4176 vet.
1099 4125 1195 4182 exulat.
1347 4129 1350 4134 ’

396 4197 421 4234 et
434 4203 469 4238 ,ex
483 4201 560 4254 prop·
577 4204 654 4256 pugn.
672 4187 740 4240 Haec
760 4207 774 4240 o
792 4185 884 4240 multis
978 4199 1069 4262 jacere
1102 4197 1231 4243 ‹tis-erant.
1266 4191 1386 4242 l‘rncsens
1413 4177 1458 4235 vin

362 4250 438 4302 codd.
456 4249 574 4308 obsunt,
603 4263 670 4307 teste
687 4255 884 4332 Oudendorpio.
954 4258 1034 4309 sutnri
1057 4258 1146 4310 habet.
1173 4261 1203 4310 V.
1227 4259 1327 4310 Sanetii
1351 4253 1411 4309 itin.
1429 4264 1457 4303 lt

363 4319 401 4371 Μ,
418 4316 534 4371 Graecus
550 4317 639 4372 habet.
957 4335 994 4389 14.
1014 4325 1102 4398 iiiique
1121 4327 1294 4390 Periiooinni.
