3026 5264
353 359 448 480 346
717 393 773 456 on
809 395 943 454 ortuo
978 395 1100 460 osni..

352 615 582 690 quamquam
607 591 815 691 periculoso
841 619 975 694 genere
1002 593 1131 696 proelii
1159 591 1318 692 locoque
1340 593 1461 693 iniquo

350 709 641 808 premebantur,
668 717 794 784 tamen
822 713 947 782 omnia
974 711 1208 810 paratissimo
1234 709 1463 782 sustinebant

351 829 501 918 anirno;
536 853 592 901 res
635 829 735 901 enim
775 827 976 928 gerebatur
1016 833 1057 900 et
1082 824 1228 901 excelso
1254 825 1342 898 loco
1369 833 1407 899 et
1429 829 1465 899 in

351 949 554 1042 conspectu
592 946 778 1016 exercitus
820 943 967 1032 nostri,
1006 967 1238 1043 magnusque
1278 944 1464 1039 utrimque

351 1056 494 1130 clamor
520 1057 723 1131 oriebatur.
755 1059 812 1130 lta
832 1081 944 1153 quarn
964 1059 1120 1156 quisque
1138 1061 1289 1157 poterat
1308 1057 1466 1128 maxime

349 1167 522 1272 insignis,
549 1195 624 1268 quo
651 1171 776 1244 notior
801 1173 1046 1270 testatiorque
1085 1173 1204 1245 virtus
1239 1170 1320 1242 eius
1348 1176 1467 1258 esset,

349 1286 433 1359 telis
459 1288 624 1360 bostium
650 1287 897 1385 flammaeque
923 1311 961 1360 se
988 1287 1221 1359 obterebant.

399 1401 463 1496 43.
489 1407 625 1478 Caesar
652 1429 770 1502 quum
796 1401 1008 1502 complures
1035 1425 1121 1476 suos
1148 1400 1341 1474 vulnerari
1370 1399 1467 1474 vide-

349 1527 433 1610 ret,
459 1545 507 1592 ex
533 1519 706 1595 omnibus
733 1517 856 1618 oppidi
884 1519 1051 1618 partibus
1077 1520 1254 1618 cobortes
1296 1527 1466 1592 montem

350 1635 574 1724 adscendere
601 1647 662 1727 et,
678 1633 913 1709 simulatione
933 1636 1123 1708 moenium
1142 1635 1465 1734 occupandorum,

350 1747 552 1820 clamorem
585 1749 748 1846 undique
775 1749 881 1821 iubet
906 1749 1048 1822 tollere.
1075 1752 1160 1842 Quo
1188 1750 1289 1822 facto
1324 1757 1466 1848 perter-
1498 1761 1499 1788 l

348 1865 411 1936 riti
439 1865 633 1963 oppidani,
660 1889 796 1964 quum,
823 1865 912 1962 quid
938 1871 1112 1964 ageretur
1129 1866 1167 1938 in
1185 1864 1277 1938 locis
1296 1867 1465 1965 reliquis,

349 1985 471 2049 essent
508 1979 651 2078 ignari,
699 1979 864 2078 suspensi
903 1985 1085 2052 revocant
1134 1980 1181 2051 ab
1217 1981 1463 2080 inpugnandis

348 2095 521 2189 operibus
540 2103 704 2169 armatos
724 2095 911 2192 murisque
929 2095 1141 2194 disponunt
1168 2097 1227 2168 lta
1243 2099 1365 2170 nostri
1384 2099 1452 2170 fine

237 2269 241 2278 ,
346 2207 475 2304 proelii
493 2209 593 2282 facto
616 2209 785 2284 celeriter
804 2234 915 2308 opera
934 2208 1084 2284 flamma
1098 2209 1374 2308 comprehensa
1393 2235 1464 2311 par·

347 2325 417 2396 tim
444 2327 702 2425 restinguunt,
727 2325 865 2425 partim
891 2325 1177 2398 interscindunt.
1205 2329 1333 2418 Quum
1353 2330 1464 2426 perti·
1498 2307 1499 2316 ἵ

348 2443 492 2514 naciter
518 2443 731 2516 resisterent
763 2439 938 2540 oppidani
973 2447 1033 2530 et,
1070 2442 1146 2513 iam
1185 2465 1322 2540 magna
1360 2450 1462 2542 parte

346 2583 501 2630 suorum
528 2559 587 2632 siti
615 2561 772 2648 amissa,
811 2557 849 2629 in
875 2557 1059 2632 sententia
1086 2565 1387 2654 permanerent,
1417 2559 1462 2632 ad

343 2679 578 2767 postremum
620 2671 801 2744 cuniculis
840 2694 956 2744 venae
996 2669 1109 2742 fontis
1145 2671 1341 2744 intercisae
1376 2679 1464 2746 sunt

343 2791 458 2880 atque
485 2811 648 2860 aversae.
676 2793 761 2879 Quo
788 2785 890 2859 facto
917 2785 1119 2858 exhaustus
1145 2791 1298 2884 repente
1326 2812 1463 2885 pereu—
1498 2775 1499 2784 ἵ

341 2897 399 2967 nis
425 2899 572 2970 exaruit
598 2899 679 2972 fons
706 2905 925 2996 tantamque
953 2899 1091 2973 adtulit
1112 2899 1304 3000 oppidanis
1328 2902 1463 2978 salutis

342 3007 661 3108 desperationem,
699 3019 744 3088 ut
778 3015 815 3087 id
856 3038 931 3086 non
963 3015 1158 3086 hominum
1187 3013 1372 3104 consilio,
1401 3017 1463 3092 sed

339 3127 506 3202 Deorum
533 3129 732 3204 voluntate
759 3131 901 3204 lactum
928 3138 1113 3231 putarent.
1140 3133 1291 3228 Itaque,
1326 3157 1463 3208 neces-

338 3247 449 3320 sitate
475 3249 626 3336 coacti,
652 3271 689 3320 se
717 3245 1012 3320 transdideruut.

389 3367 450 3456 44.
476 3365 638 3454 Caesar,
665 3389 781 3461 quum
808 3387 915 3436 suam
941 3361 1137 3434 lenitatem
1164 3364 1357 3464 cogpitam
1379 3393 1460 3442 om·

338 3479 447 3551 nibus
474 3479 607 3566 sciret,
634 3503 752 3576 neque
779 3484 992 3565 vereretur,
1027 3501 1073 3548 ne
1112 3478 1200 3574 quid
1229 3480 1460 3557 crudelitate

337 3600 496 3666 naturae
515 3593 708 3668 videretur
725 3593 889 3692 asperius
907 3591 1057 3679 secisse,
1075 3613 1193 3688 neque
1214 3593 1358 3668 exitum
1376 3621 1461 3670 cou-

356 3835 413 3887 -Ῑια
428 3853 506 3906 quom
522 3839 636 3906 quisque.
654 3835 709 3888 Alii
727 3835 770 3885 lta
787 3847 815 3887 ut
831 3853 858 3904 q.
925 3851 991 3886 nuru
1009 3833 1116 3905 quidem
1127 3841 1179 3888 est:
1192 3831 1274 3885 alteru
1290 3832 1390 3897 lectio,
1405 3841 1458 3888 sim

366 3923 400 3984 car
411 3922 478 3984 omn.
488 3905 576 3974 oppidi
584 3905 707 3972 partebus.
724 3903 799 3954 Idem
810 3911 859 3982 est,
921 3901 1023 3972 proelio
1040 3903 1128 3974 factm
1149 3899 1252 3952 facilius
1270 3899 1332 3951 ferri
1354 3913 1457 3972 potest.

333 3969 639 4108 tltl¹f÷t⁵⁶³⁹⁷⁶³⁰⁶
657 3987 748 4022 Μ’
765 3969 859 4040 ...a
924 3967 1214 4086 Maiilbssbmrl‘ll'
1231 3985 1284 4084 οἵ
1297 3971 1456 4107 ἰζὶῗᾚέι

365 4108 492 4172 suspensi,
504 4103 596 4170 dubii,
607 4103 777 4158 haesitantes.
795 4101 858 4156 Non
924 4099 999 4154 abest
1015 4119 1030 4152 a
1048 4099 1179 4171 plerisque
1196 4101 1272 4153 codd.
1292 4101 1329 4153 M.

332 4179 374 4222 est
384 4189 562 4241 synonymum
573 4170 646 4222 verbi
655 4175 774 4239 ignarus,
786 4170 858 4242 quod
957 4180 993 4230 et,
1005 4173 1056 4219 iam
1067 4187 1093 4219 m
1127 4185 1162 4217 na
1172 4181 1256 4234 pane.
1275 4167 1338 4236 Leg.
1354 4187 1453 4240 magras

332 4237 478 4288 omiserunt
496 4239 529 4303 ii,
547 4237 592 4307 qui
610 4238 777 4308 tautologiam
796 4238 857 4306 opi·
923 4239 1001 4286 etiam
1016 4185 1160 4313 paruam
1178 4234 1296 4306 plerique
1313 4235 1393 4287 codd.
1410 4236 1452 4286 M.

332 4313 424 4356 notum
441 4303 554 4372 effugere
572 4303 717 4356 volucrunt.
756 4303 856 4355 Rursus
911 4313 916 4320 ·
956 4305 1060 4352 exaruit
1076 4307 1152 4372 jons.
1187 4311 1221 4359 ‘rt
1245 4307 1361 4360 aaaron,
1380 4299 1453 4370 quod

333 4367 380 4420 rb'i
395 4370 504 4421 omisere
520 4369 630 4424 verbum
645 4373 767 4440 suspensi.
787 4371 827 4421 M.
923 4367 1000 4432 vulgo
1016 4368 1102 4428 deest,
1125 4387 1140 4420 e
1161 4370 1237 4424 codd.
1259 4377 1286 4423 et
1303 4368 1363 4422 edd·
1383 4367 1450 4420 vett·

357 4435 418 4509 fior
432 4437 620 4506 procliisaoto.
656 4435 713 4489 lloc
729 4453 762 4488 nc
780 4433 856 4486 Lati·
922 4436 1041 4488 restituit
1056 4434 1127 4489 oud.
