3040 5264
364 348 446 412 arn.
480 351 538 412 nr.
571 351 663 413 cnr.
708 320 877 414 13-15.
940 293 947 308 ⁸
1116 355 1176 450 99

59 553 436 658 praerumpebantur.
468 555 613 646 Quibus
633 554 804 643 abscisis,
832 515 1028 628 alitemnae
1048 579 1177 630 neces·-
1233 561 1236 570 '

58 671 161 742 sario
178 668 449 759 concidebant,
474 675 537 757 ut,
564 693 681 768 quum
700 671 822 742 omnis
848 667 1002 742 Gallicis
1020 669 1178 744 navibus

59 807 145 883 spes
165 783 202 856 in
227 781 316 856 velis
340 786 656 882 armamentisque
676 785 914 873 consisteret,
941 783 997 856 his
1019 785 1177 884 ereptis,

58 902 184 974 omnis
209 923 298 974 usus
325 903 478 973 navium
513 923 588 974 uno
623 907 792 1001 tempore
824 901 1040 1000 eriperetur.
1079 901 1178 976 Reli·

59 1042 180 1116 quum
208 1021 291 1090 erat
315 1023 506 1093 certamen
523 1018 686 1118 positum
705 1019 743 1092 in
760 1018 929 1108 virtute,
957 1041 1031 1116 qua
1058 1022 1176 1093 nostri

56 1133 199 1206 milites
224 1131 332 1206 facile
359 1132 609 1230 superabant,
635 1140 748 1232 atque
775 1157 819 1206 eo
847 1132 993 1232 magis,
1018 1133 1117 1230 quod
1137 1135 1174 1208 in

57 1257 267 1351 conspectu
284 1250 451 1326 Caesaris
467 1255 581 1347 atque
600 1251 721 1324 omnis
739 1251 925 1324 exercitus
943 1273 1002 1322 res
1019 1249 1176 1350 gereba-

58 1371 143 1456 tur,
171 1371 214 1440 ut
239 1363 384 1438 nullum
411 1363 537 1463 paullo
562 1365 697 1440 fortius
723 1364 869 1438 factum
892 1361 1010 1438 latere
1027 1372 1173 1461 posset:

59 1503 190 1552 omnes
206 1481 307 1554 enim
324 1477 436 1552 colles
454 1505 497 1552 ac
516 1478 599 1552 loca
624 1480 836 1580 superiora,
862 1477 960 1550 unde
987 1483 1068 1548 erat
1086 1501 1177 1576 pro-

58 1598 220 1695 pinquus
246 1597 442 1696 despectus
467 1597 506 1670 in
532 1621 658 1686 mare,
684 1596 731 1670 ab
750 1597 917 1672 exercitu
933 1595 1172 1669 tenebantur.

114 1711 173 1786 15.
199 1715 381 1804 Deiectis,
407 1720 452 1786 ut
469 1711 646 1804 diximus,
672 1714 877 1803 antemnis,
904 1735 1020 1810 quum
1047 1711 1178 1810 singu·

58 1823 111 1898 las
136 1827 248 1901 binae
274 1853 318 1902 ac
344 1835 473 1902 ternae
502 1853 614 1902 naves
647 1829 1002 1911 circumsteterant,
1038 1824 1177 1900 milites

60 1967 206 2017 summa
232 1947 272 2017 vi
299 1943 559 2018 transcendere
586 1947 626 2018 in
652 1947 817 2019 hostium
844 1969 960 2018 naves
977 1939 1178 2017 contende-

59 2060 161 2134 bant.
189 2061 299 2155 Quod
325 2071 526 2162 postquam
546 2061 693 2137 barbari
712 2065 790 2138 lieri
808 2055 1176 2150 animadverterunt,

60 2178 285 2276 expugnatis
300 2176 556 2277 compluribus
576 2179 753 2270 navibus,
771 2201 887 2276 quum
906 2177 939 2250 ei
959 2177 1010 2250 rei
1031 2174 1175 2248 nullum

60 2297 286 2392 reperiretur
312 2294 509 2386 auxilium,
536 2295 624 2394 luga
651 2292 808 2368 salutem
827 2299 954 2391 petere
972 2290 1177 2366 contende-

24 2428 27 2452 .
60 2419 173 2484 runt:
200 2439 244 2488 ac
263 2415 336 2486 iam
358 2413 548 2486 conversis
566 2415 603 2484 in
623 2437 705 2484 eam
726 2419 871 2512 partem
893 2410 1069 2501 navibus,
1097 2435 1172 2508 quo

60 2535 192 2604 ventus
219 2531 387 2622 ferebat,
415 2537 521 2606 tanta
539 2528 665 2603 subito
684 2527 841 2602 malacia
859 2551 903 2598 ac
919 2523 1172 2622 tranquillitas

60 2645 231 2735 exstitit,
254 2651 300 2721 ut
333 2671 372 2719 se
398 2669 445 2719 ex
470 2645 553 2718 loco
580 2668 734 2719 movere
761 2667 836 2716 non
863 2646 1025 2741 possent.
1067 2642 1173 2750 Quae

61 2761 208 2856 quidem
235 2787 294 2838 res
319 2763 366 2837 ad
391 2765 585 2864 negotium
611 2759 886 2850 conficiendum
913 2755 1075 2830 maxime
1103 2755 1174 2829 fuit

60 2879 296 2977 obportuna:
320 2905 407 2952 nam
429 2879 591 2980 singulas
614 2879 730 2950 nostri
752 2875 957 2950 consectati
983 2897 1174 2974 expugna·

62 3001 213 3084 verunt,
228 3001 270 3068 ut
290 3019 499 3095 perpaucae
523 3018 569 3068 ex
591 2993 692 3068 omni
716 3015 894 3082 numero,
915 2988 1036 3062 noctis
1054 2989 1173 3060 inter-

61 3117 199 3202 ventu,
225 3111 272 3184 ad
305 3119 444 3186 terram
473 3111 733 3210 pervenerint,
756 3132 872 3206 quum
904 3105 950 3179 ab
984 3105 1076 3178 bora
1095 3104 1171 3178 fere

61 3237 191 3326 quarta
218 3253 335 3329 usque
363 3229 409 3304 ad
436 3229 522 3302 solis
549 3253 726 3303 occasum
752 3229 996 3327 pugnaretur.

92 3519 254 3572 assumtam
265 3555 274 3580 ,
299 3517 465 3588 adlignliant,
487 3518 582 3590 adlige-
646 3519 815 3574 membranae
827 3519 1006 3577 consentiant,
1015 3535 1070 3571 non
1078 3515 1174 3572 dubito

63 3588 130 3640 berit.
154 3607 180 3638 v.
205 3585 264 3638 Iud.
290 3585 372 3656 Vulgo
398 3587 464 3640 male
476 3626 485 3650 ,
507 3589 582 3638 disti·
646 3605 737 3640 veram
754 3586 892 3639 lectionem
909 3587 1055 3638 restituere.

63 3657 155 3708 aiebant.
174 3655 213 3704 Μ.
231 3653 335 3706 vitruv.
353 3659 384 3715 ὁ,
406 3671 444 3713 12,
465 3664 503 3706 ter
523 3655 580 3707 des·
680 3660 904 3707 circumderunt.
920 3654 958 3705 lta
970 3653 1048 3705 MSS.
1067 3661 1094 3704 et
1110 3650 1172 3704 edd.

63 3728 140 3774 unare
157 3740 206 3793 pro
223 3720 336 3790 deligere
352 3730 471 3794 usurpat.
629 3735 631 3740 ’
646 3730 712 3774 vett.
725 3721 838 3774 testibus
851 3719 958 3772 Clarlio
970 3730 998 3773 et
1008 3717 1078 3773 (hid
1088 3717 1172 3790 Vulgo

89 3791 337 3858 pmentmpebonctr.
355 3788 411 3842 Alii
428 3807 581 3859 prommpc·
647 3793 865 3841 cirmmsisterent.
883 3788 920 3837 M.

65 3855 168 3919 luatur,
184 3855 423 3926 perrumpebanmr.
680 3859 799 3908 meloda.
825 3855 900 3927 Sulp.
926 3851 1129 3913 Severustial.
1150 3875 1172 3908 r.

94 3920 209 3976 Deiectis.
220 3924 265 3976 alii
274 3925 391 3975 dialectis.
406 3923 531 3976 Nostram
540 3923 580 3976 le·
646 3941 668 3976 c.
688 3933 710 3988 4.
727 3925 860 3976 mollitiem
878 3927 959 3974 moris
977 3920 1072 3974 reddit.

66 3992 276 4063 ctionem,quam
288 3999 319 4042 ut
329 4009 361 4044 ex
373 3993 478 4062 ingenio
488 4011 581 4062 propo·
681 3993 831 4060 obportunc.
853 3991 940 4043 Aliter
964 3989 1055 4040 Florus
1079 3988 1114 4048 3.
1134 4005 1171 4041 ro.

66 4060 115 4108 suit
130 4057 256 4116 Ursinus,
274 4075 314 4112 res
332 4061 390 4130 ipsa
408 4060 579 4111 necessariam
647 4057 679 4110 ln
704 4065 794 4111 nostro
818 4057 876 4110 loco
897 4055 973 4110 codd.
992 4055 1101 4127 quidam
1127 4053 1172 4109 ha-

68 4127 140 4188 l'acit,
157 4128 218 4196 quia
241 4126 335 4178 Caesar
352 4145 374 4179 c.
395 4137 425 4191 ¹4
442 4136 580 4178 antemnas
647 4123 713 4178 lieni
729 4129 857 4176 maxinme
866 4129 921 4196 ficit
939 4145 965 4193 up
1005 4128 1133 4175 massari.

67 4193 204 4246 concidisse
222 4193 343 4246 dixerat·
364 4194 402 4251 ita
423 4199 452 4244 in
475 4193 581 4263 quibus·
682 4193 749 4245 liora
758 4195 821 4264 jere
837 4205 941 4262 quarta.
982 4200 1007 4243 st
1025 4202 1112 4243 nostra
1127 4190 1173 4244 de-

67 4257 122 4311 dum
137 4261 213 4312 codd.
232 4229 438 4330 Oudendorpius
462 4261 579 4331 reperit,
648 4261 717 4313 cime
745 4261 957 4314 antemeridiana.
985 4259 1027 4311 Cl'.
1045 4257 1113 4312 dicta
1139 4257 1173 4312 ad

69 4335 92 4376 et
116 4327 243 4399 metaphr.
274 4329 320 4381 Gr.
350 4329 478 4398 expressit
501 4326 580 4378 verlio
648 4327 681 4388 l,
700 4331 739 4379 ss.
757 4327 799 4378 M.
818 4335 852 4384 'rs'
861 4328 923 4400 sere
939 4345 953 4378 e
969 4325 1046 4382 codd.
1067 4336 1095 4380 et
1111 4325 1171 4382 edd.

70 4398 214 4452 escalittas.
253 4396 296 4448 M.
333 4393 426 4468 Quum
463 4397 580 4466 optimas
649 4403 712 4449 vett.
730 4396 847 4450 restituit
866 4394 937 4449 Ouel.
