3060 5276
387 384 535 446 trun.
571 385 664 446 cnr.
702 352 877 472 34-36.
1089 353 1183 482 467

46 583 207 660 milites
224 586 267 660 iis
286 585 396 660 rebus
413 588 655 690 indigebant,
681 614 775 688 quae
794 590 841 663 ad
860 591 1180 693 obpugnationem

47 712 280 778 castrorum
307 713 414 778 erant
441 708 534 780 usui.
588 710 718 804 ltaque
753 705 867 780 Curio
903 711 1111 783 exercitum
1143 714 1184 784 in

48 829 193 896 castra
220 821 392 914 reducit,
424 824 501 896 suis
525 825 698 896 omnibus
724 832 873 924 praeter
898 827 1056 900 Fabium
1082 830 1188 902 inco·

47 933 250 1026 lumibus,
268 961 315 1010 ex
333 961 490 1010 numero
509 937 810 1013 adversariorum
828 940 978 1013 circiter
995 945 1182 1016 sexcentis

48 1053 274 1128 interiectis
301 1079 346 1128 ac
374 1053 461 1127 mile
489 1054 715 1128 vulneratis:
744 1057 808 1155 qui
836 1081 991 1147 omnes,
1016 1058 1180 1132 discessu

50 1167 260 1256 Curionis,
304 1168 488 1266 multique
531 1176 752 1268 praeterea,
798 1194 864 1268 per
904 1169 1185 1245 simulationem

53 1279 292 1371 vulnerum,
323 1306 370 1356 ex
396 1286 527 1356 castris
554 1285 592 1356 in
620 1285 798 1383 oppidum
826 1289 978 1382 propter
1006 1285 1181 1358 timorem

53 1417 143 1466 sese
169 1397 369 1494 recipiunt.
422 1402 505 1489 Qua
537 1424 576 1472 re
611 1403 779 1474 animum
816 1400 1001 1488 adversa,
1035 1401 1174 1489 Varus,

53 1517 101 1584 et
127 1518 271 1584 terrore
298 1515 485 1588 exercitus
512 1517 692 1616 cognito,
717 1517 960 1590 buccinatore
988 1517 1176 1590 incastris

55 1635 100 1700 et
128 1630 258 1727 paucis
276 1629 324 1702 ad
342 1632 504 1729 speeiem
529 1631 781 1706 tabernaculis
807 1633 971 1722 relictis,
999 1633 1044 1705 de
1070 1637 1182 1713 tertia

55 1745 189 1846 vigilia
214 1747 360 1820 silentio
387 1750 597 1821 exercitum
622 1751 661 1822 in
687 1750 864 1849 oppidum
886 1735 1052 1822 reducit.

114 1860 176 1936 36.
208 1867 364 1938 Postero
400 1863 459 1937 die
486 1853 600 1938 Curio
627 1867 779 1938 Uticam
815 1865 982 1938 obsidere
1016 1871 1056 1938 et
1082 1864 1181 1938 vallo

57 1978 356 2052 circummunire
383 1978 558 2052 instituit.
609 1980 703 2052 Erat
731 1980 769 2050 in
805 1979 940 2077 oppido
973 1963 1177 2052 multitudo

55 2092 224 2168 insolens
249 2095 333 2168 belli
361 2093 607 2168 diuturnitate
634 2095 729 2166 otii:
769 2095 963 2166 Uticenses
999 2119 1066 2192 pro
1094 2097 1179 2192 qui-

58 2205 223 2282 busdam
257 2209 424 2282 Caesaris
464 2211 501 2282 in
541 2233 578 2280 se
619 2207 806 2280 benefieiis
843 2206 896 2279 illi
939 2211 1178 2280 amicissimi:

59 2328 271 2396 conventus
303 2323 365 2411 is,
405 2325 468 2420 qni
503 2347 549 2394 ex
576 2325 688 2394 variis
722 2321 920 2421 generibus
961 2326 1174 2394 constaret:
1267 2347 1270 2358 ¹

58 2440 184 2508 terror
218 2460 265 2510 ex
299 2438 550 2534 superioribus
576 2435 723 2538 proeliis
749 2459 917 2536 magnus.
972 2437 1102 2537 ltaque
1130 2435 1176 2507 de

61 2551 249 2624 deditione
276 2576 405 2626 omnes
429 2553 552 2652 palam
572 2552 823 2651 loquebantur
841 2560 880 2626 et
898 2575 987 2625 cnm
1005 2555 1045 2625 P.
1064 2555 1174 2626 Attio

60 2669 254 2768 agebant,
290 2694 335 2742 ne
369 2695 436 2743 sua
463 2671 668 2769 pertinacia
695 2671 865 2744 omniurn
890 2669 1059 2742 fortunas
1093 2693 1177 2766 per·

60 2787 204 2859 turbari
231 2784 354 2858 vellet.
381 2787 485 2858 Haec
512 2810 628 2882 quum
655 2793 884 2886 agerentur,
911 2786 1037 2862 nuncii
1068 2809 1173 2884 prae·

60 2899 161 2972 missi
177 2899 224 2970 ab
242 2901 343 2998 Rege
371 2900 461 2972 luba
481 2907 688 2991 venerunt,
712 2902 776 2998 qui
795 2899 900 2974 illum
919 2925 1006 2974 cnm
1025 2901 1171 3002 magnis

60 3019 176 3116 copiis
201 3015 326 3117 adesse
353 3016 520 3090 dicerent
554 3025 592 3090 et
619 3017 664 3088 de
692 3017 862 3090 custodia
889 3043 932 3090 ac
960 3017 1174 3090 defensione

61 3135 162 3207 urbis
188 3134 455 3206 hortarentur:
483 3157 578 3232 quae
605 3158 663 3206 res
688 3158 818 3210 eorum
846 3134 1061 3234 perterritos
1097 3135 1176 3204 ani-

61 3278 142 3327 mos
168 3251 417 3326 confirmavit.

94 3575 158 3627 qnae
180 3556 216 3608 ad
239 3557 297 3627 obp.
341 3553 464 3626 Cluilius
486 3573 500 3606 c
522 3553 580 3608 cod.
680 3557 877 3606 oirwnvnunire.
914 3551 971 3605 Alii
986 3557 1172 3605 cirmmvenire.

60 3627 139 3692 llegio
151 3623 225 3676 addit
236 3643 291 3682 res,
303 3631 332 3674 nt
343 3622 411 3676 solet
421 3629 519 3676 noster.
537 3621 581 3675 Sic
647 3627 677 3672 ut
701 3639 723 3686 1,
744 3623 781 3672 18.

61 3693 183 3763 “Femur
198 3690 261 3744 Μ’
278 3708 335 3760 ⁰³9⁰
354 3700 394 3755 μ’
680 3746 833 3796 amicissimi.
852 3741 934 3795 Codd.
953 3743 1062 3813 qnidam
1073 3751 1100 3795 et
1112 3741 1172 3798 edd.

646 3821 711 3866 vett.
731 3809 833 3896 addunt
849 3823 933 3861 erunt.

93 3911 122 3941 aa
136 3890 193 3940 mile
211 3887 359 3940 vulneratis.
386 3885 503 3939 Verbum
519 3887 580 3940 mile
774 3923 799 3964 ω
839 3893 875 3964 C's
899 3910 949 3961 Iud
976 3911 1013 3963 M
1058 3912 1061 3933 ·

61 3956 172 4012 Ursinus
189 3979 202 4010 c
221 3957 307 4010 codice
325 3955 454 4007 restituit:
474 3957 502 4008 iu
519 3955 578 4008 aliis
679 3931 773 3967 mm
801 3931 821 3963 ε’
875 3949 881 3961 ’
951 3949 957 3960 ’
1012 3947 1036 4028 ’·
1152 4018 1156 4028 ι

60 4025 135 4078 codd.
153 4023 194 4077 vol
210 4023 297 4084 deest,
315 4022 355 4074 vel
374 4023 401 4074 in
419 4041 472 4074 uno
496 4041 526 4072 aa
548 4039 579 4072 co
677 4020 776 4089 palum.
825 4017 924 4070 Mirum
948 4025 1003 4079 est,
1028 4035 1056 4070 m
1081 4015 1172 4070 rnnltrs

61 4094 126 4143 vnln.
138 4091 240 4169 legitur,
253 4100 283 4143 nt
294 4092 322 4142 in
333 4090 393 4142 aliis
405 4107 491 4141 rursus
502 4102 578 4140 atine
646 4086 723 4141 codd.
742 4104 795 4137 uon
815 4085 936 4164 pessimis
959 4089 986 4135 in
1001 4084 1089 4156 palam
1107 4083 1171 4152 legi,

61 4161 125 4210 varin.
143 4159 346 4218 Craccouius,et
381 4167 423 4210 ost
439 4155 508 4208 bunc
551 4175 579 4208 a·
646 4155 718 4225 quod
735 4153 858 4204 Davisius
885 4151 1027 4221 exemplis,
1045 4151 1090 4202 sed
1108 4151 1173 4201 ulti·

60 4228 212 4288 visius‚inm
226 4226 340 4286 monuit,
354 4177 507 4295 ilppiauum
519 4223 577 4276 Cir.
646 4241 702 4274 mae
728 4221 883 4279 latinitatis,
906 4228 933 4270 et
958 4215 1075 4286 analogia
1099 4217 1171 4269 verbi

61 4309 89 4354 2,
107 4305 146 4360 44.
164 4311 189 4365 p.
208 4298 265 4356 455.
283 4292 393 4352 undae,
411 4299 547 4344 sexcentos
563 4311 578 4344 e
645 4295 749 4356 insuper
766 4286 899 4346 defendit,
913 4287 953 4338 cui
969 4283 1171 4363 Oudendorpius

61 4359 121 4413 Vari
148 4361 264 4413 exercitu
292 4359 419 4428 periisse,
448 4359 578 4428 multoque
646 4357 734 4421 inibi,
762 4358 895 4418 incoram,
924 4351 1028 4403 insimul
1058 4351 1170 4403 addidit.

58 4429 140 4497 plin-cs
155 4427 307 4483 vulneratos
325 4445 387 4480 esse.
404 4425 444 4478 M.
646 4423 754 4477 Vossius
768 4421 841 4472 nicici
853 4425 905 4474 iam
914 4421 1003 4490 palam
1014 4417 1116 4472 matun.
1127 4419 1170 4474 Μ.
