3032 5266
397 426 477 488 iis.
512 428 537 485 1.
573 426 664 486 car.
703 393 875 520 72-75.
913 405 917 414 '
968 384 975 394 ’
1080 410 1176 524 419

46 624 147 698 troii
176 637 210 697 et
236 621 387 720 Afranii
419 629 490 702 vita
527 641 670 725 petunt,
709 652 753 700 ne
788 627 884 724 quod
914 629 953 700 in
985 651 1024 700 se
1060 627 1177 699 seelru

46 743 286 835 concepisse,
319 764 388 814 neu
412 763 497 839 suos
524 741 753 838 prodidisse,
791 741 987 831 uideantur.
1039 739 1177 839 Quibus

47 845 282 946 corfirmotis
308 851 437 938 rebus,
472 877 511 928 se
533 842 654 928 statim
679 860 789 955 sigua
823 855 1059 927 translaturos
1093 879 1178 925 con-

33 965 211 1063 firmant
240 970 443 1070 legatosque
476 971 520 1048 de
541 997 631 1068 pace
653 977 851 1071 primorum
881 971 1050 1045 ordinum
1082 971 1177 1042 Cen-

49 1089 221 1156 turiones
250 1085 300 1156 ad
323 1084 511 1158 Caesarem
535 1091 691 1158 mittunt.
751 1086 905 1160 Interim
937 1083 998 1156 alii
1025 1105 1111 1156 suos
1138 1083 1177 1154 iu

52 1207 189 1272 castra
216 1201 397 1274 invitandi
425 1225 554 1276 caussa
583 1201 796 1290 adducunt3
836 1201 898 1274 alii
925 1202 972 1274 ab
1003 1202 1077 1272 suis
1112 1203 1177 1272 ad-

50 1295 280 1403 ducuntur,
306 1317 398 1390 adeo
426 1323 569 1390 utana
597 1325 719 1391 castra
744 1319 820 1392 iam
851 1318 953 1390 facta
992 1341 1039 1392 ex
1077 1317 1174 1389 binis

49 1432 299 1506 viderentur:
327 1431 610 1532 compluresque
637 1435 793 1508 Tribuni
821 1434 982 1508 militum
1014 1443 1053 1510 et
1082 1435 1177 1506 Cen-

54 1547 232 1618 turinnes
259 1547 306 1618 ad
331 1549 702 1622 Caesaremveniunt
721 1574 832 1647 seque
851 1551 882 1622 ei
901 1547 1178 1636 commendant·

53 1659 168 1730 Idem
196 1659 267 1732 hoc
293 1660 337 1732 fit
363 1661 635 1762 aPrincipibus
652 1664 872 1762 Hispaniae,
900 1685 993 1760 qum
1010 1661 1062 1733 illi
1082 1685 1176 1734 evo·
1220 1721 1223 1730 .

53 1782 246 1848 caverant
271 1782 309 1849 et
330 1799 458 1850 seeum
476 1779 514 1850 in
534 1778 665 1850 castris
683 1778 871 1851 habebant
890 1777 1061 1850 obsidum
1073 1775 1178 1850 luca.

52 1893 93 1964 li
134 1917 220 1966 suos
258 1900 368 1968 notos
407 1895 644 1993 hospitesque
683 1895 934 1992 quaerebant,
972 1917 1178 1992 perquem

56 2007 219 2104 quisque
244 2032 375 2080 wssorum
403 2007 546 2081 aditum
574 2007 908 2084 commendationis
939 2007 1094 2082 haberet
1130 2007 1178 2080 ad

54 2125 272 2197 Caesarem.
300 2123 441 2198 Afranii
467 2125 579 2197 etiam
606 2123 702 2208 lilius
729 2123 941 2222 adolescens
974 2124 1019 2197 de
1044 2149 1111 2198 sua
1131 2150 1176 2197 ac
1225 2109 1228 2121 ’

54 2239 231 2334 parentis
254 2240 310 2310 sui
337 2238 455 2312 salute
482 2261 568 2310 cum
596 2239 751 2312 Caesare
778 2263 843 2336 per
860 2238 1075 2338 ¹Sulpicium
1104 2241 1177 2310 Le-

57 2357 195 2450 gatum
228 2352 375 2450 agebat.
414 2355 533 2426 Erant
557 2351 665 2451 plena
690 2352 834 2426 laetitia
861 2359 898 2424 et
928 2351 1179 2452 gratulatione

58 2469 209 2553 omnia3
237 2493 394 2559 eorum,
420 2471 483 2567 qui
510 2475 616 2543 tanta
644 2469 808 2568 pericula
835 2471 1000 2554 vitasse,
1027 2473 1066 2542 et
1108 2493 1175 2541 eo-

62 2607 174 2672 rum,
201 2587 264 2681 qui
292 2585 368 2658 sine
396 2583 548 2658 vulnere
574 2591 701 2658 tantas
735 2610 793 2659 res
828 2585 1028 2660 confecisse
1065 2583 1177 2658 vide-

59 2697 223 2770 bantur:
252 2721 505 2798 magnumque
531 2699 701 2773 fructum
726 2725 813 2776 suae
839 2676 1014 2799 pristinie
1040 2697 1175 2772 lenita·
1215 2794 1223 2818 Ι

58 2815 111 2886 tis
138 2816 307 2888 omnium
332 2814 471 2888 iudicio
492 2819 627 2890 Caesar
644 2815 789 2890 ferebat
806 2816 1074 2914 consiliumque
1093 2817 1175 2890 eius

59 2958 84 3004 a
113 2934 259 3006 crinciis
285 2931 525 3032 probabatur.

115 3047 173 3136 75.
200 3046 344 3140 Quibus
370 3047 489 3121 rebus.
508 3046 691 3120 nunciatis
717 3046 892 3134 Afranio,
918 3048 964 3120 ab
997 3047 1174 3120 instituto

57 3187 170 3260 opere
203 3163 359 3236 discedit
388 3187 501 3260 seque
535 3163 572 3234 in
604 3168 726 3234 castra
752 3163 900 3260 recipit3
921 3162 976 3235 sic
994 3170 1175 3262 paratae,

56 3283 104 3348 ut
133 3273 348 3365 videbatur,
375 3283 438 3366 ut,
465 3278 691 3374 quicumque
711 3276 907 3350 accidisset
924 3301 1052 3366 casus,
1071 3277 1173 3352 hunc

59 3393 189 3490 quieto
216 3399 255 3464 et
281 3416 399 3489 aequo
439 3394 576 3465 animo
603 3393 728 3464 ferret.
780 3391 949 3466 Petreius
979 3417 1071 3466 vero
1098 3419 1174 3467 ιιοιι

56 3510 196 3583 deserit
227 3533 326 3600 sese3
361 3515 482 3582 armat
509 3508 714 3597 familiam3
744 3533 832 3584 cum
855 3510 927 3585 hac
956 3517 996 3585 et
1018 3518 1173 3611 praeto-

91 3798 119 3843 in
132 3811 157 3846 se
169 3791 247 3844 scetis
258 3790 504 3860 concipere,'scelero
516 3797 583 3861 (pro
649 3793 809 3847 addummur
825 3793 864 3860 (in
878 3801 962 3849 castra
974 3795 1100 3859 Afranii).
1111 3797 1155 3848 M.

57 3861 162 3912 ditione
185 3867 309 3921 suornm)
328 3858 440 3920 efficere,
459 3869 488 3912 ut
510 3863 536 3912 iu
555 3879 582 3911 se
680 3865 814 3929 pristinae.
833 3863 982 3931 pridianae,
995 3863 1116 3916 utinitio
1128 3881 1172 3916 ca·

58 3927 165 3978 linerent
182 3929 271 3979 enirm.
286 3937 313 3977 nt
328 3925 438 3978 obnoxii
455 3927 510 3978 sint
528 3925 582 3978 cul·
651 3931 714 3999 pitis
733 3927 844 3982 dictum.

58 4013 116 4072 pne.
135 3993 205 4044 Alibi
218 3972 326 4051 «licitur,
340 3992 468 4046 ruriculam
481 3993 582 4046 sceleris
684 4012 736 4046 non
753 3995 848 4048 deserit
868 4013 911 4058 se,
927 4015 983 4050 uon
1002 3994 1116 4050 discedit
1136 3993 1173 4048 ab

60 4080 88 4112 ιιι
106 4080 134 4110 se
153 4061 296 4129 concipere.
316 4062 357 4112 M.
650 4063 739 4116 indole
755 4081 811 4116 aua.
829 4063 872 4116 M.

97 4173 101 4182 .
140 4171 145 4180 .
213 4173 217 4180 .
679 4131 795 4200 sternite,
818 4129 925 4192 famuli,
948 4129 1055 4192 liberti,
1074 4129 1172 4184 coloni.

92 4168 216 4218 invitandi
241 4187 345 4227 crrrrssu,
368 4177 398 4219 ut
423 4187 466 4219 eos
488 4187 583 4220 coenae
650 4196 694 4250 sie
711 4197 817 4250 vossius
840 4203 866 4249 et
889 4197 1066 4268 Glandomius
1083 4195 1172 4266 expli,

60 4233 211 4312 adhibuerit
224 4233 581 4314 liumaniterqnenexcipient.
650 4272 711 4316 mn,
728 4283 759 4316 ex
775 4283 803 4316 ω
816 4283 832 4316 t.
850 4264 866 4318 3
868 4275 882 4330 4
900 4275 927 4317 et
943 4264 1039 4317 Luam·
1053 4263 1172 4316 Pham·

59 4303 102 4354 Su:
121 4302 245 4352 Davisius
263 4320 323 4354 cum
341 4303 453 4354 Graevro
470 4302 521 4368 (ad
540 4302 583 4354 lu·
650 4339 677 4394 4,
701 4336 757 4382 205·
819 4367 825 4381 .
854 4331 967 4402 Quaerit
990 4332 1065 4384 voss·
1088 4350 1122 4382 m
1144 4337 1175 4381 e·

61 4370 122 4420 stin.
145 4387 172 4433 ι,
190 4371 216 4432 6)
236 4367 375 4418 intellexit.
394 4370 431 4418 M.
498 4437 500 4442 ι

88 4463 584 4528 aiiiit'nesariani)niurislilraniauis)
650 4467 722 4517 Auu-
741 4483 771 4528 ι,
787 4466 830 4518 23.

613 4685 623 4716 Ι

649 4397 820 4475 plruliutnresi
843 4409 875 4451 ut
903 4419 958 4470 seq.
986 4417 1059 4454 aare.
1086 4399 1173 4452 Tacit.
1269 4401 1275 4416 ¹
