3028 5258
315 427 395 494 Lm.
430 431 487 491 111.
523 432 615 490 cur.
660 399 894 492 108-110.
1069 401 1166 529 577·

42 638 146 713 citus
160 631 299 736 Regius
317 633 579 732 equitatusque
607 634 726 706 omnis
750 635 875 708 venire
895 632 1162 708 Alexandriam

44 757 261 830 nunciatur.
288 753 453 824 Caesaris
476 749 604 848 copiae
631 759 988 848 neqmquamerant
1016 757 1164 840 tautae,

44 876 93 942 ut
121 871 190 974 eie,
222 873 330 939 extra
354 863 532 963 oppidum
559 863 588 934 si
615 871 712 936 esset
728 835 1016 955 '‘dimicandum,
1044 865 1162 938 confi·
1215 883 1217 888 “

45 983 168 1055 deret.
206 979 521 1078 Relinquebatur,
549 984 591 1051 ut
614 1003 652 1050 se
675 979 750 1051 suis
775 976 867 1052 locis
895 979 1030 1079 oppido
1058 985 1164 1052 teue-

44 1103 108 1170 ret
136 1094 405 1192 consiliumque
440 1091 607 1166 Achillae
634 1102 890 1192 cognosceret.
940 1095 1079 1167 Milites
1108 1100 1165 1164 ta-

45 1225 138 1284 men
165 1233 293 1281 omnes
311 1211 347 1280 in
367 1209 479 1282 armis
507 1233 583 1280 esse
607 1209 732 1298 iussit,
759 1211 974 1308 Regemque
993 1209 1166 1302 hortatus

46 1331 130 1410 est,
157 1329 199 1396 ut
227 1347 273 1396 ex
299 1326 374 1396 suis
409 1325 643 1413 necessariis,
670 1347 763 1421 quos
795 1325 949 1396 haberet
980 1323 1196 1395 maximae·

48 1439 308 1526 auctoritatis,
343 1437 483 1538 legatos
510 1437 556 1510 ad
585 1437 755 1510 Achillan
783 1443 949 1510 mitteret
983 1441 1042 1523 ct,
1075 1432 1166 1532 quid

49 1563 151 1628 esset
171 1581 259 1628 suae
289 1555 517 1642 voluntatis,
541 1554 765 1628 ostendent.
792 1555 918 1652 Aqua
945 1555 1044 1627 missi
1070 1555 1163 1626 Diu-

51 1669 217 1742 scorides
243 1675 281 1741 et
307 1670 507 1768 Serapiou,
533 1671 595 1767 qui
625 1669 736 1742 amho
762 1653 875 1766 legati
903 1671 1047 1742 Romae
1077 1667 1167 1738 lue-

56 1791 147 1856 rant
174 1807 422 1882 magnamque
449 1785 547 1882 apud
574 1790 720 1882 patrem
746 1783 1003 1854 Ptolemaeum
1032 1785 1167 1852 aucto-

51 1903 207 1974 ritatem
236 1901 462 1986 habuerant,
490 1900 535 1970 ad
566 1899 734 1972 Achillan
762 1904 1025 1996 pervenerunt.
1060 1901 1168 1989 Quos

51 2015 116 2090 ille
129 2076 138 2106 ,
150 2039 265 2114 quum
281 2016 577 2112 inconspectum
595 2014 673 2086 eius
692 2017 898 2104 venissent,
913 2017 1034 2113 prius,
1050 2039 1165 2112 quam

54 2129 224 2220 audiret,
250 2137 337 2218 aut,
363 2129 469 2201 cuius
495 2129 547 2200 rei
577 2152 705 2200 caussa
733 2131 844 2206 missi¹
861 2136 1002 2213 essent,
1031 2151 1169 2228 cogno·

55 2251 201 2332 sceret,
224 2243 366 2341 conripi
394 2267 438 2313 ac
464 2242 623 2314 interfici
650 2244 774 2314 iussit:
803 2267 964 2340 quorum
991 2242 1084 2314 alter
1110 2265 1171 2312 ac·

58 2369 171 2458 cepto
196 2359 348 2432 vulnere
375 2365 600 2456 occupatus,
627 2383 693 2457 per
710 2383 796 2431 suos
814 2385 881 2457 pro
900 2360 1023 2432 occiso
1050 2357 1172 2439 sublo-

58 2477 144 2563 tus,
171 2473 264 2546 alter
290 2473 508 2546 interiectus
534 2479 603 2545 est.
644 2477 728 2566 Quo
755 2474 879 2561 lacto,
905 2475 1047 2572 Regem
1072 2473 1172 2545 utin

59 2613 129 2660 sua
164 2595 349 2686 potestate
376 2588 550 2675 haberet,
585 2588 719 2660 Caesar
745 2586 887 2676 effecit,
921 2609 1170 2687 magnamque
1207 2604 1209 2614 ’

58 2705 221 2800 Regium
249 2727 383 2774 nomen
411 2698 509 2798 apud
531 2725 616 2773 suos
643 2703 908 2774 auctoritatem
936 2701 1071 2772 hahere
1097 2700 1173 2772 exi·

60 2819 240 2904 stimans,
260 2821 297 2888 et
318 2822 360 2888 ut
378 2818 502 2913 potius
520 2819 668 2913 privato
685 2841 891 2915 paucorum
912 2821 950 2888 et
966 2814 1174 2902 latronum,

62 2959 178 3033 quam
207 2933 323 3031 Regio
350 2931 526 3018 consilio,
553 2939 769 3028 susceptum
803 2931 941 3004 bellum
970 2932 1172 3004 videretur.

118 3071 203 3120 110.
227 3047 347 3120 Eram
372 3069 461 3120 cum
487 3043 633 3118 Achilla
659 3049 808 3145 copiae,
835 3051 878 3118 ut
899 3068 1018 3142 neque
1046 3069 1175 3118 nume-

95 3379 125 3427 in
148 3386 311 3446 compsanam.
336 3373 419 3428 codd.
442 3381 470 3425 et
491 3371 534 3426 hic
558 3377 585 3424 in
649 3375 711 3442 pitis
733 3377 760 3422 et
778 3387 824 3441 pro
847 3367 960 3422 wius
977 3369 1023 3423 dut
1045 3374 1176 3438 supinatus

59 3457 202 3512 conspectu.
220 3443 251 3495 V.
271 3449 327 3494 not·
344 3442 378 3496 ud
396 3459 431 3503 2,
449 3457 490 3506 27.
652 3440 694 3490 vel
711 3445 892 3506 resupinatur,
909 3435 972 3489 elain
989 3439 1109 3490 rublatus.
1158 3495 1164 3506 Ι

94 3577 166 3628 alter
185 3589 284 3645 accepto
305 3577 408 3626 rubuere
434 3587 566 3644 occuprtur
577 3611 586 3635 ,

59 3663 160 3714 perque
188 3645 246 3708 (sic
274 3643 323 3712 leg.
349 3653 414 3713 puto
443 3661 491 3714 pro
517 3645 586 3714 per)

61 3731 124 3762 euos
142 3739 174 3750 -·-
190 3711 303 3762 sublatus
318 3723 365 3761 ert.
394 3709 460 3780 Ergo
481 3727 587 3778 oocupa-

62 3793 105 3829 tus
128 3790 153 3827 et
176 3779 289 3829 sublatus
311 3777 412 3830 estaol
441 3777 586 3847 significat.

62 3845 145 3898 citius
166 3843 285 3896 sublatus
307 3853 362 3907 cst,
394 3863 473 3916 quam
499 3853 588 3915 posset

62 3909 201 3975 interlici3
228 3911 270 3962 vel
293 3911 418 3984 adreptus
442 3922 468 3963 et
493 3929 513 3964 s.
539 3922 587 3964 est.

64 3979 124 4034 Alii
136 3979 239 4027 vulaeoere
250 3993 381 4056 occupatus
393 3981 589 4032 coniunxerunt

65 4057 114 4109 ct,
136 4045 197 4114 quio
217 4043 265 4096 hoc
281 4044 349 4096 nihil
366 4065 421 4097 esse
442 4045 587 4110 videbant,

64 4119 253 4172 rorrrxamut,
290 4120 319 4162 ut
346 4113 494 4165 Gronovius
523 4111 589 4166 Obs.

67 4191 105 4246 q,
132 4183 168 4240 8,
197 4179 243 4248 qui
266 4185 360 4246 sopitus
404 4199 432 4230 ro
458 4193 590 4251 consputus

66 4247 121 4318 legi
130 4245 224 4296 voluit.
242 4245 281 4298 De
293 4264 319 4296 rr
330 4247 362 4298 cl.
381 4199 433 4298 hio
452 4247 523 4300 Cass.
536 4257 567 4312 φ
580 4283 589 4314 ,

68 4315 103 4378 37
125 4331 183 4433 sqq
200 4313 242 4364 M·
267 4311 355 4364 Daris.
372 4313 477 4367 volebat
493 4317 591 4382 obsopi-

68 4393 120 4431 ιω.
173 4379 275 4432 ronovil
299 4380 460 4432 coniecturae
489 4379 592 4451 plaudit

67 4446 207 4508 Collarius.
232 4445 348 4498 lurinius
365 4445 415 4516 legi
433 4446 509 4500 iubet
526 4451 592 4500 uari-

175 4545 330 4619 CAESAR.
357 4545 550 4620 Commeat.
578 4546 686 4616 Tum.
713 4545 741 4616 l.

686 3533 713 3580 in
730 3547 776 3580 sua
791 3539 917 3598 potestate
934 3529 1046 3580 haberet.
1074 3517 1176 3581 Palme-

653 3598 708 3648 rius
721 3598 749 3646 iu
767 3597 853 3667 spicil.
872 3599 901 3648 iu
918 3595 995 3674 G'ul‘
1014 3595 1094 3716 lamg.
1114 3607 1134 3716 tl
1153 3604 1176 3660 q.

665 3663 995 3809 egiiihfisuhehuhrlllerihhhhsr
1013 3682 1125 3784 gllhulhsc
1134 3683 1178 3784 lll²

655 3795 870 3928 iilfhusi'ffl‘ff
886 3807 1045 3915 &⁹⁰⁸³st
1074 3797 1178 3852 “⁶²⁵²

658 4029 664 4041 ·
688 3979 865 4042 magnumque.
876 3956 1183 4052 Delendumqule,·quody

656 4047 709 4082 um
727 4029 773 4081 alu
791 4036 945 4098 omiserunt.
962 4028 1001 4078 Μ.
1023 4026 1138 4079 lusimus
1155 4035 1181 4076 rt

656 4115 784 4168 maguam.
949 4127 958 4144 .

690 4191 715 4231 et
726 4189 818 4250 utpot.
835 4174 987 4230 natandum
1004 4186 1037 4226 et.
1055 4175 1092 4224 M.
1110 4171 1180 4226 oud.

658 4253 756 4326 pugnat
785 4263 832 4316 pro
848 4245 1033 4296 coniunctione
1050 4249 1181 4310 utroque,

658 4331 719 4384 qum
740 4313 778 4365 sic
801 4311 867 4364 dure
891 4311 1005 4363 rationes
1030 4308 1182 4378 exprimun-

658 4390 724 4440 tur,
748 4396 791 4432 cur
814 4379 881 4452 Rege
899 4374 1060 4448 potiundum
1083 4375 1183 4445 putarit

658 4447 760 4500 caesar.

882 4539 953 4615 Dd
969 4541 991 4613 d
1008 4541 1031 4614 d
