3000 5268
324 9 377 232 l

370 401 449 460 um.
483 397 539 460 vr.
576 401 668 466 cnr.
712 369 814 462 1-3.
1056 397 1141 501 ¹9¹

31 600 254 702 propinquos
280 626 301 673 a
328 603 491 678 Treviris
509 603 705 703 imperium
735 603 912 676 delcrtur.
938 602 994 676 llli
1013 603 1146 678 linitu-

31 739 109 786 mos
137 715 342 788 Germanos
364 717 564 791 sollicitare
592 725 630 793 et
659 723 856 817 pecuniam
876 717 1041 818 polliceri
1068 743 1144 792 non

32 833 232 920 desistunt;
252 857 368 931 quum
388 835 434 907 ab
453 837 632 934 proximis
658 836 860 932 impetrare
880 858 954 907 non
974 843 1149 933 possent,

30 945 221 1032 ulteriores
256 955 417 1022 tentant.
470 951 638 1022 Inventis
674 947 863 1021 nonnullis
899 949 1146 1033 civitatibus,

32 1064 265 1137 iureiurando
285 1067 383 1138 inter
408 1089 446 1138 se
472 1067 697 1138 confirmant
717 1065 979 1162 obsidibusque
1006 1065 1052 1138 de
1080 1091 1149 1164 pc-

33 1183 136 1254 cunia
163 1191 326 1268 cavent3
345 1181 602 1282 Ambiorigem
629 1181 696 1253 sibi
724 1181 904 1254 societate
931 1188 969 1252 et
996 1181 1149 1255 loedere

33 1293 248 1394 adiungunt.
301 1296 446 1388 Quibus
481 1295 592 1368 rebus
628 1295 811 1394 cognitis,
841 1295 1000 1380 Caesar,
1027 1319 1146 1392 quum

34 1407 188 1506 undique
215 1407 353 1481 bellum
374 1413 495 1508 parari
522 1411 687 1500 videret,
706 1409 886 1499 Nervios,
905 1410 1146 1500 Aduatucos,

33 1525 240 1624 Menapios,
260 1524 445 1600 adiunctis
472 1526 700 1600 cisrhenanis
725 1525 897 1598 omnibus
924 1527 1143 1611 Germanis,

34 1665 103 1714 esse
127 1645 164 1716 in
199 1645 331 1734 armis,
366 1646 530 1717 Senones
567 1642 614 1715 ad
651 1643 876 1740 imperatum
909 1667 983 1714 non
1016 1647 1144 1719 venire

35 1770 67 1832 et
90 1785 173 1834 cum
202 1763 429 1836 Carnutibus
455 1760 708 1857 finitumisque
742 1759 962 1832 civitatibus
989 1759 1145 1834 consilia

36 1879 325 1966 communicare,
353 1901 374 1948 a
400 1877 566 1948 Treviris
590 1875 797 1948 Germanos
824 1875 963 1947 crebris
989 1874 1146 1974 legatio·

36 1989 133 2062 nibus
160 1990 373 2084 sollicitari,
391 1991 580 2064 maturius
607 1990 675 2062 sibi
702 1988 747 2062 de
774 1987 872 2061 bello
899 1989 1144 2088 cogitandum

36 2110 186 2202 putavit.

79 2221 111 2293 3.
136 2223 267 2319 ltaque
289 2220 454 2294 nondum
482 2219 604 2292 hieme
630 2217 822 2307 confecta,
839 2219 1017 2319 proximis
1044 2245 1142 2317 qua-

36 2334 112 2406 tuor
136 2335 280 2408 coactis
306 2334 534 2434 legionibus,
560 2335 606 2406 de
631 2335 820 2432 inproviso
852 2337 888 2406 in
921 2335 1012 2407 fines
1043 2337 1143 2408 Ner-

38 2447 169 2522 viorum
198 2451 395 2524 contendit
421 2455 460 2522 et
486 2450 608 2548 prius,
626 2472 739 2546 quom
766 2445 818 2520 illi
845 2455 912 2521 aut
939 2451 1144 2523 convenire

39 2570 96 2634 aut
119 2565 314 2665 profugere
342 2571 512 2664 possent,
538 2588 675 2664 magno
703 2563 847 2661 pecoris
873 2567 987 2660 atque
1018 2562 1144 2636 bomi-

37 2697 116 2748 num
142 2702 299 2752 numero
326 2685 438 2778 capto
465 2685 579 2778 atquc
607 2703 649 2750 ea
677 2676 812 2775 praeda
838 2675 1020 2750 militibus
1048 2702 1143 2750 con-

38 2817 124 2868 cessa
149 2799 377 2895 vastatisque
404 2799 525 2896 agris,
549 2797 587 2867 in
615 2793 843 2866 deditionem
871 2796 996 2873 venire
1023 2801 1142 2892 atque

39 2913 165 2988 obsides
190 2917 259 2989 sibi
288 2917 375 2990 dare
401 2916 537 3013 en'e'git.
590 2913 646 2984 Eo
673 2907 843 2984 celeriter
869 2913 1043 2986 confecto
1072 2939 1139 2984 ne-

38 3029 146 3123 gotio,
170 3055 300 3105 rursus
325 3033 363 3102 in
391 3031 546 3103 hiberna
571 3025 733 3126 legiones
760 3026 922 3100 reduxit.
968 3025 1138 3100 Concilio

39 3139 162 3218 Galliae
188 3149 310 3247 primo
338 3171 447 3258 vere,
478 3145 532 3216 uti
566 3144 800 3230 instituerat,
828 3142 993 3231 indicto,
1019 3167 1138 3240 quum

39 3254 172 3354 reliqui,
199 3267 348 3360 praeter
373 3263 558 3347 Senones,
575 3259 759 3330 Carnutes
785 3258 1056 3355 Trevirosque,
1075 3281 1140 3330 ve-

40 3373 174 3460 nissent,
204 3379 355 3450 initiunt
386 3375 471 3448 belli
500 3399 545 3448 ac
577 3373 794 3446 defectionis
828 3374 899 3448 boc
931 3400 1009 3448 esse
1042 3375 1141 3448 arbi-

41 3487 164 3580 tratus,
197 3498 240 3565 ut
275 3491 401 3564 omnin
431 3495 652 3589 postponere
688 3488 903 3580 videretur,
934 3490 1140 3564 concilium

67 3783 110 3817 non
124 3755 252 3828 desistunt.
269 3771 329 3826 Vid.
350 3775 378 3834 5,
398 3778 437 3826 55.
456 3773 493 3824 Μ.
612 3773 684 3825 euim
708 3771 830 3852 nondum
852 3772 974 3826 videntur
996 3781 1053 3826 tum
1071 3771 1138 3826 llbe-

67 3851 201 3906 civitatibus.
223 3855 268 3908 sic
284 3855 355 3908 Oud.
373 3873 388 3907 ο
403 3851 480 3907 codd.
498 3852 546 3908 dii
611 3857 679 3892 Μ
696 3849 828 3894 imm·

43 3927 143 3984 dulcores.
645 3937 903 3990 Senones-venire.
929 3939 972 3991 Cs.
991 3947 1022 4006 5,
1041 3944 1080 4002 54,
1099 3939 1138 3988 M·

67 4018 93 4068 de
105 4029 204 4088 pem„
219 4039 315 4080 mem·
339 4028 357 4078 j·
377 4047 399 4080 e·
418 4045 446 4080 κ
463 4043 544 4098 μω,
611 4007 646 4057 ud
663 4009 821 4088 imperatum.
847 4005 955 4058 Sallust.
974 4005 1027 4074 lug,
1051 4025 1073 4058 c.
1094 4009 1137 4057 62.

44 4095 99 4150 riam
114 4104 224 4162 datums-
264 4110 369 4163 fruma
386 4109 500 4164 Ursinus
516 4117 544 4161 et
611 4071 692 4124 habet
708 4075 743 4153 ad
759 4075 934 4143 mrpcrandum
952 4092 1055 4134 vocare,
1067 4073 1138 4143 quod

46 4173 310 4260 πωπω
610 4141 1138 4279 rsintelleguntur:l

70 4281 168 4333 erunibus
186 4287 329 4340 Germanis.
354 4286 409 4358 Qui
427 4287 498 4348 sint,
516 4303 541 4338 r.
610 4277 761 4331 Chemm-

47 4363 66 4472 ἴ
78 4365 96 4416 l'
107 4359 320 4419 Mefll'dulnu‘
338 4366 463 4436 inlellldlt
483 4368 543 4420 Tri·
644 4386 681 4432 αεὶ
698 4386 858 4444 instituerat,
876 4391 908 4432 ut
926 4383 1069 4453 quotannis
1094 4401 1136 4436 so·

62 4447 133 4498 lm,
159 4441 291 4508 timeus,
321 4447 485 4519 vangionem
513 4447 543 4502 ld
609 4447 689 4504 lebet.
708 4451 785 4504 Coni.
804 4467 861 4522 cup.
880 4451 921 4518 44'.
939 4451 977 4502 M.
