3028 5258
329 237 425 332 580
694 263 750 322 nn
785 261 919 320 nonno
955 243 1082 317 nimir

325 495 376 542 na
395 491 508 542 manu
528 489 602 539 non
620 469 786 562 poterat,
805 461 1074 558 confestimque
1093 457 1140 532 ad
1158 455 1321 556 pharum
1334 457 1456 528 navi-

328 588 399 660 bus
420 583 554 657 milites
571 581 755 679 exposuit.

384 723 467 774 112.
484 698 626 770 Pharos
645 702 701 769 est
718 697 759 794 ip.
777 691 899 787 insula
915 691 1052 782 turris,
1069 714 1209 790 magns·
1225 689 1461 777 altitudine,

328 814 496 890 mirificis
524 811 698 910 operibus
725 796 916 882 exstructa
944 807 1069 904 ,quae
1096 763 1233 878 nomin
1253 808 1301 880 ab
1326 806 1484 878 insula

330 929 485 1027 occepit.
537 927 641 998 llaec
666 923 806 1026 imula.
827 921 978 994 obiecta
1003 919 1272 1007 Alexandriae,
1290 927 1458 1018 portum

314 1027 474 1128 'efficit3
508 1039 571 1113 sed
598 1065 621 1112 a
647 1013 894 1138 seplrloiibus
921 1037 1085 1135 Regibus
1110 1037 1148 1106 in
1174 1033 1462 1130 longitudinem

328 1177 507 1258 passuum
531 1159 803 1253 nongentorum
822 1152 860 1224 in
880 1175 981 1222 mare
1000 1150 1107 1221 iactis
1126 1146 1304 1235 molibus,
1323 1168 1458 1242 angu-

330 1279 390 1342 sto
408 1270 538 1342 itinere
556 1274 595 1340 et
610 1275 722 1366 ponte
737 1291 824 1339 cum
844 1265 978 1364 oppido
1005 1257 1258 1362 coniungitur.
1311 1262 1353 1332 ln
1372 1261 1458 1328 bac

331 1392 420 1458 sunt
444 1383 564 1458 insula
591 1381 778 1456 domicilia
802 1381 1074 1480 Aegyptiorum
1102 1385 1142 1450 et
1167 1379 1297 1464 vicus,
1318 1373 1457 1472 oppidi

331 1499 606 1602 magnitudine:
634 1521 802 1594 quaeque
829 1497 964 1593 ubique
992 1493 1362 1592 navesinprudentia
1381 1495 1461 1561 aut

331 1621 551 1714 tempestate
578 1612 783 1712 paullulum
802 1636 869 1684 suo
887 1635 998 1684 cursu
1017 1610 1259 1698 decesserint,
1277 1610 1345 1679 bas
1364 1632 1461 1678 mo-

331 1755 371 1804 re
398 1729 625 1827 praedonum
654 1729 810 1824 diripere
835 1730 1121 1799 consueverunt.
1175 1725 1223 1796 lis
1245 1729 1373 1795 autern
1395 1721 1458 1790 iu-

224 1918 229 1927 ,
333 1849 441 1936 viris,
467 1845 640 1940 aquibus
665 1844 806 1914 Pharos
829 1848 998 1928 tenetur,
1025 1865 1097 1912 non
1118 1845 1240 1934 potest
1266 1863 1345 1910 esse
1365 1862 1460 1935 pro-

333 1967 417 2058 pter
435 1959 623 2054 angustias
639 1957 795 2028 navibus
810 1955 988 2028 introitus
1004 1955 1042 2025 in
1061 1960 1225 2052 portum.
1262 1953 1345 2024 Hoc
1366 1961 1456 2022 tum

335 2077 478 2146 veritus
508 2073 666 2161 Caesar,
692 2073 860 2146 hostibus
887 2074 923 2144 in
942 2095 1065 2172 pugna
1086 2072 1301 2168 occupatis,
1318 2068 1459 2140 militi-

334 2193 477 2288 busque
496 2190 691 2288 expositis,
717 2191 864 2262 Pharon
882 2187 1125 2286 adprehendit
1142 2195 1254 2286 atque
1274 2189 1324 2260 ibi
1343 2211 1457 2284 prae-

335 2311 469 2384 sidium
496 2310 632 2407 posuit.
652 2294 661 2320 '
685 2307 830 2398 Quibus
859 2313 916 2378 est
938 2305 1048 2378 rebus
1073 2305 1270 2396 effectum,
1295 2313 1339 2378 ut
1363 2313 1455 2379 tuto

336 2425 567 2498 frumentum
585 2421 795 2520 arixiliaque
812 2421 970 2492 navibus
986 2419 1126 2492 adeum
1141 2419 1354 2517 subportari
1368 2441 1457 2518 pos·

318 2546 431 2614 wsent.
469 2539 618 2612 Dimisit
635 2538 733 2614 enim
759 2538 902 2612 circum
928 2561 1055 2612 omnes
1079 2539 1307 2638 propinquas
1330 2538 1455 2635 regio-

278 2987 282 3000 ,
333 2931 557 2994 Alexandrinam,
578 2941 692 2986 auctores
710 2941 773 2986 sunt
794 2931 857 2986 Plo·
882 2959 886 2968 ·
926 2935 1007 2986 iactae
1018 2941 1093 2985 sunt.
1110 2931 1221 2986 Floralis
1236 2939 1349 3005 regiones
1364 2935 1457 2986 nemi-

334 3001 439 3054 tarclrus
462 3003 490 3052 in
513 3001 586 3051 Caes.
605 3018 626 3052 c.
646 3010 685 3065 tq.
709 3001 761 3052 Dio
783 3001 857 3070 Cass.
927 3019 988 3054 nem
1006 2999 1140 3062 offendet,
1164 3020 1227 3054 cum
1244 3001 1271 3054 B.
1289 2999 1367 3054 Alex.
1386 3021 1411 3054 c.
1430 3018 1456 3052 ι.

336 3078 387 3133 42,
406 3066 448 3122 38.
466 3065 534 3131 (ubi
552 3067 606 3118 vid.
625 3067 779 3130 Fabricius)
798 3071 859 3120 Am·
928 3078 1012 3137 partes
1030 3069 1187 3129 inferiores,
1209 3077 1236 3120 ct
1251 3088 1274 3120 c.
1292 3071 1316 3120 6.
1334 3067 1394 3120 loca
1412 3089 1455 3122 sn-

335 3137 441 3186 mianus
464 3133 580 3188 llhrcell.
604 3149 653 3199 22,
685 3137 733 3193 ιδ,
764 3135 859 3187 etalii
961 3137 1027 3186 riora
1045 3135 1174 3188 dicantur.
1191 3135 1320 3190 cellarius
1339 3146 1455 3195 monet,

336 3202 401 3261 bene
414 3202 500 3252 multi.
519 3201 674 3268 Nupcrrime
685 3201 717 3252 de
733 3201 779 3252 bac
792 3220 859 3270 qno·
947 3201 1072 3252 rndneum
1091 3209 1101 3266 (
1113 3201 1223 3256 Miscell.
1242 3203 1257 3253 3
1269 3241 1277 3266 ‚
1297 3207 1351 3266 5),
1370 3203 1455 3256 scati-

335 3267 472 3337 queredil'
490 3267 858 3336 entissimecrposnithrist.
927 3286 1016 3336 gerum
1035 3268 1085 3330 (nd
1103 3268 1200 3322 Euseb.
1217 3289 1243 3340 p.
1265 3269 1311 3322 132
1322 3273 1348 3333 ),
1377 3270 1453 3320 Vuls-

334 3336 402 3387 Dan.
426 3335 475 3388 Bec
494 3336 533 3386 ius
557 3336 584 3386 in
609 3335 752 3403 specimine
774 3333 859 3386 bisto·
927 3338 996 3387 sium
1021 3333 1068 3398 (ad
1086 3338 1220 3388 Ammiau.
1239 3336 1319 3390 Marc.
1338 3335 1451 3408 p-342),

334 3404 387 3452 riae
396 3401 614 3454 bibliothecarum
621 3401 860 3455 Alexandrinarum
926 3403 1042 3456 Rodium
1059 3401 1112 3465 (de
1130 3404 1280 3472 interprclt.
1298 3406 1453 3473 septuagin-

334 3481 397 3522 sect.
419 3485 456 3520 ro.
475 3469 511 3518 M.
927 3478 953 3520 ta
971 3488 997 3539 p.
1017 3479 1065 3536 294
1094 3509 1102 3530 ,
1120 3469 1171 3537 legi
1188 3471 1320 3532 voluisse,
1342 3490 1358 3520 u
1376 3488 1453 3587 {ppe-

1429 3555 1453 3587 [-

367 3580 456 3628 turris.
474 3573 614 3628 Herodian.
633 3583 664 3640 4,
681 3593 703 3626 2.
726 3575 857 3626 Amminn.
926 3533 1038 3587 rimam
1056 3537 1079 3588 R
1112 3538 1185 3596 Μ·
1203 3537 1230 3589 ld
1247 3539 1320 3609 ‘l¹¹⁰‘l
1336 3545 1362 3589 ‘l

333 3641 451 3698 Marcell,
470 3659 523 3708 22,
546 3644 582 3692 16.
602 3642 643 3693 Μ.
661 3641 736 3695 Adde
752 3641 857 3693 Homer.
925 3600 1020 3656 ⁶¹³⁰&
1037 3605 1065 3654 in
1114 3603 1221 3674 ’‘Pllffl*
1238 3615 1304 3661 ”lt-
1323 3612 1402 3657 3¹¹0st
1424 3622 1451 3672 p·

926 3685 976 3736 279
992 3673 1079 3722 visum
1096 3681 1145 3724 cst.
1167 3671 1220 3724 sen
1238 3673 1312 3725 nulla
1330 3673 1452 3722 mutatio

926 3755 959 3788 ne
973 3737 1075 3790 videtur
1092 3757 1160 3808 opus
1176 3757 1239 3792 esse.
1257 3739 1299 3791 M.
1317 3739 1348 3786 lu
1361 3738 1451 3789 codice

366 3823 383 3853 a
395 3801 567 3872 superioribus
578 3803 727 3871 regiorubtu.
748 3801 859 3856 Alexan·
925 3803 1055 3856 Vossinno
1076 3804 1146 3858 Oud.
1163 3803 1231 3859 cln're
1250 3806 1350 3856 invonit
1369 3805 1451 3873 Regi-

333 3871 390 3924 rlria
415 3873 447 3949 in
472 3868 653 3948 duasnpartes
682 3869 764 3922 diviso
786 3869 860 3932 luit,
924 3871 977 3923 tos.
996 3871 1054 3924 Hoc
1071 3875 1147 3925 unire
1164 3891 1271 3932 rerum,
1291 3873 1405 3941 reposui.

332 3954 495 4068 qpqerpprffi
507 3935 859 4082 {qilplquqqrppqpq‘llr-{Appz
959 4005 1071 4057 Dimisit.
1089 4006 1157 4057 llaec
1174 4003 1271 4066 lectio,
1297 4023 1366 4058 nunc
1383 4023 1449 4056 rece-

332 4072 367 4124 ab
392 4091 423 4123 oo
446 4079 580 4124 remotior.
607 4070 659 4134 (cl.
679 4070 744 4122 ibid.
772 4087 806 4132 a,
833 4073 857 4120 6.
925 4081 990 4150 pto,
1037 4073 1140 4125 videtur
1168 4073 1312 4125 recesseris
1360 4081 1450 4140 rnptcr

333 4139 374 4190 dte
396 4137 535 4190 OEnsradr
545 4136 599 4186 und
608 4139 650 4188 die
666 4136 858 4200 Nndemadr.)
924 4157 1011 4209 ipsam
1040 4159 1113 4200 rem,
1146 4141 1198 4192 etsi
1226 4137 1302 4194 codd.
1331 4091 1449 4209 plerique

333 4207 401 4272 Ergo
422 4223 436 4256 a
454 4213 534 4284 'parte
557 4203 789 4282 indsflsuperiore,
812 4223 857 4258 scu
925 4205 1025 4258 babent
1041 4207 1154 4257 deduxit.
1175 4207 1212 4258 M.
1240 4206 1324 4276 Vulgo
1338 4207 1449 4260 ‹lentislts

333 4270 554 4344 [suppuorrbus
578 4271 748 4346 regionibus,
774 4271 856 4328 moles
922 4273 1081 4330 Emendarit
1097 4272 1166 4328 Stel.

332 3709 430 3780 (ldyss.
449 3719 484 3773 4,
502 3711 560 3773 354.
