2986 5268
334 389 414 448 mn.
438 388 508 450 vn.
545 375 636 448 cnr.
681 390 716 462 r.
751 389 796 450 2.
1057 359 1153 450 235

19 693 23 702 Ι
47 602 145 700 ipsos
170 593 334 672 recidere
361 625 466 700 posse
492 601 775 688 demonstrant3
803 602 1028 676 miserantur
1054 627 1163 678 com-

47 739 200 788 munem
229 713 369 787 Galliae
396 716 605 802 fortunium
633 717 804 790 omnibus
833 716 1162 814 pollicitationibus

48 855 92 900 ac
120 829 291 927 praemiis
318 830 548 929 deposcunt,
584 833 645 928 qui
674 831 756 904 belli
784 809 931 904 initium
957 830 1095 904 faciant
1122 836 1162 906 et

47 948 101 1018 sui
131 947 264 1044 capitis
290 947 453 1043 periculo
473 945 631 1020 Galliam
658 948 694 1018 io
720 946 929 1020 libertatem
957 947 1160 1022 vindicent.

48 1065 140 1136 Eius
168 1065 202 1134 io
240 1063 366 1160 primii
401 1065 585 1136 rationem
611 1061 1001 1162 habendamldieunt,
1040 1065 1163 1163 prius·

48 1201 163 1273 quam
190 1201 317 1249 eorum
339 1175 566 1249 clandestina
581 1176 731 1250 consilia
754 1173 979 1265 efferantur,
1007 1184 1049 1250 ut
1065 1179 1162 1250 Cae-

49 1315 110 1364 sar
139 1292 184 1363 ab
211 1294 377 1364 exercitu
403 1291 685 1366 intercludatur.
726 1291 768 1362 ld
796 1315 871 1362 esse
898 1287 1037 1379 facile,
1062 1292 1161 1388 qood

47 1433 172 1504 neque
198 1405 380 1508 legiones,
405 1407 556 1480 absente
583 1410 830 1507 imperatore,
858 1408 1017 1481 audeant
1042 1434 1086 1481 ex
1114 1409 1164 1482 hi·

47 1521 174 1593 bernis
199 1521 340 1620 egredia
370 1545 486 1620 neque
513 1525 716 1622 imperator
743 1526 819 1596 sine
838 1525 1017 1621 praesidio
1034 1522 1079 1596 ad
1107 1524 1163 1596 le-

49 1637 178 1736 giones
204 1640 395 1734 pervenire
422 1639 561 1735 possit:
590 1645 777 1736 postremo
805 1640 840 1710 in
869 1638 947 1710 acie
974 1643 1162 1736 praestare

49 1753 234 1844 interfici,
273 1779 386 1852 quam
414 1777 486 1826 non
515 1761 679 1828 veterem
715 1753 799 1826 tutti
827 1753 984 1852 gloriam
1010 1754 1164 1829 liberta·

50 1875 228 1970 temque,
254 1897 366 1967 quarm
395 1897 414 1943 a
442 1872 644 1944 maioribus
670 1872 906 1968 acceperint,
948 1873 1165 1968 reciperare.

106 2011 142 2057 2.
185 1987 251 2064 His
281 1988 390 2058 rebus
422 1987 598 2085 agitatis,
630 1986 854 2084 profitentur
889 1985 1096 2068 Carnutes,
1127 2011 1167 2060 se

52 2101 191 2172 nullum
221 2105 420 2196 periculum
447 2107 645 2173 cornmunis
670 2103 798 2174 salutis
823 2125 953 2171 caussa
979 2123 1164 2188 recusare,

52 2217 297 2311 principesque
326 2239 372 2288 ex
403 2217 565 2288 omnibus
594 2215 720 2288 bellurn
742 2213 916 2308 facturos
934 2212 1166 2310 pollicentur,

52 2337 105 2412 et,
137 2333 303 2422 quonium
338 2332 376 2399 in
407 2334 609 2425 praesentia
639 2329 817 2400 obsidibus
846 2333 937 2398 inter
968 2351 1009 2399 ee
1042 2349 1166 2400 cavere

53 2465 123 2511 non
147 2430 315 2538 possint,
342 2469 386 2517 ne
416 2469 472 2518 res
494 2446 689 2542 efferetur,
717 2459 756 2516 ut
778 2443 1006 2516 iureiurando
1027 2468 1072 2514 oc
1082 2437 1166 2537 fide

52 2563 260 2648 sanciatur,
289 2573 440 2658 petunt,
480 2563 629 2632 conlutis
665 2561 880 2633 militaribus
914 2565 1062 2658 sigule,
1095 2585 1164 2657 quo
1278 2597 1280 2608 =

53 2699 150 2748 more
182 2700 306 2748 eorum
336 2682 575 2774 gravusimue
605 2680 818 2749 cerimoniae
845 2681 1088 2764 continentur,
1119 2701 1164 2748 ne

40 2791 149 2886 sucta
176 2796 278 2864 initio
304 2793 386 2864 beto
398 2845 409 2875 ,
436 2793 480 2864 ol>
505 2793 649 2888 reliquis
671 2791 890 2864 deserantur.
926 2793 1056 2880 Tum,'
1076 2815 1165 2862 con·
1247 2871 1261 2888 ⁹

54 2905 212 2981 laudatis
237 2909 489 2992 Carnutibus,
522 2907 611 2979 dato
642 2906 879 2978 iureiurando
895 2907 945 2978 ab
966 2907 1160 2996 omnibus,

55 3021 117 3118 qoi
135 3025 316 3112 aderant,
347 3030 515 3124 tempore
543 3023 621 3096 eius
653 3024 705 3095 rei
737 3025 964 3115 constituto,
999 3025 1046 3098 ab
1076 3049 1164 3098 con·

54 3138 137 3212 cino
163 3137 378 3214 disceditur.
961 3117 968 3134 '

88 3419 119 3469 ld
133 3437 187 3472 esee
195 3419 287 3494 facile.
304 3419 390 3474 Aliter
407 3417 471 3472 haec
485 3429 575 3474 nouat

55 3483 140 3538 unna
157 3493 196 3550 3,
227 3505 274 3548 ro,
300 3505 340 3540 aa.
358 3487 404 3540 ubi
420 3489 500 3538 etiam
527 3507 574 3558 pro

57 3553 172 3606 Cevenna
189 3573 212 3608 c.
232 3558 255 3608 8.
272 3557 340 3608 inira
359 3555 436 3625 ponit
452 3553 539 3622 Alpes.

641 3436 729 3470 cavere
745 3426 786 3470 eet
807 3417 868 3470 dare
890 3415 995 3469 obsides
1016 3415 1045 3468 in
1068 3415 1166 3486 pignus

641 3485 711 3538 fidei.
729 3484 802 3537 ldem
820 3484 886 3542 bene
905 3483 1021 3559 restituit
1037 3487 1146 3551 parson.

674 3611 725 3662 quo
742 3611 832 3656 more,
848 3591 894 3646 elii
912 3592 979 3646 male
996 3594 1072 3662 quod.

84 3677 243 3750 profitentu·
269 3679 402 3731 Carnutes.
430 3683 499 3734 Cum
527 3677 575 3732 hac

57 3745 199 3797 narratione
211 3746 364 3800 conserendi
373 3758 434 3800 sunt
444 3749 575 3801 Plutarch.

58 3812 82 3861 in
107 3811 179 3864 Caes.
207 3832 265 3882 cap.
286 3821 317 3866 25
335 3833 392 3886 eq.
422 3815 474 3870 Dio
503 3825 574 3868 (aas.

59 3889 107 3956 tp,
125 3879 155 3932 33
173 3899 232 3952 sqq.
250 3833 412 3943 omnini,
434 3899 470 3934 rr.
494 3883 575 3936 Adti-

58 3954 93 4012 pt
109 3945 205 3998 Strabo
223 3963 247 4012 4.
265 3965 291 4018 p.
314 3963 367 4016 ¹9¹·
385 3947 423 4000 M.

87 4055 266 4172 princpesque.
292 4053 404 4106 Addunt
431 4073 479 4116 ee,
507 4055 577 4126 quod

60 4117 86 4234 ip
102 4118 148 4236 cpd
196 4119 287 4172 multis
309 4130 337 4174 et
352 4119 393 4176 ed·
419 4121 484 4174 Ven.
509 4131 577 4175 recte

78 4203 136 4236 ees.

91 4291 220 4344 obedum.
237 4293 336 4346 Aliide
352 4293 490 4354 absidibus,
525 4291 578 4346 und

61 4355 245 4412 ltlorueetiam
268 4361 423 4422 admiserat,
445 4361 490 4412 sed
551 4361 577 4414 d.

62 4439 145 4477 veram
169 4430 309 4482 lectionem
336 4427 421 4480 dedit.
447 4429 579 4527 Obsiditpe

672 3693 781 3760 gravies.
793 3693 878 3740 cerim.
892 3689 971 3748 ritus,
984 3691 1030 3759 qui
1041 3703 1164 3751 magnam

642 3757 824 3810 auctoritatem
847 3766 875 3808 et
902 3757 958 3808 vim
986 3755 1020 3808 ed
1049 3753 1164 3808 obstrin-

644 3823 741 3892 gendos
757 3823 930 3892 religioneque
947 3821 1086 3892 inplendae
1108 3824 1165 3872 oui·

643 3889 839 3951 mastichem,
865 3891 931 3942 ritus
956 3890 1112 3942 sacrosancti
1138 3895 1165 3938 et

643 3955 828 4017 inviolabiles,
845 3966 968 4010 constant
985 3955 1033 4008 hac
1054 3975 1101 4014 re,
1126 3955 1163 4004 si-

644 4043 755 4094 gnorum
765 4025 987 4096 comportatione,
1001 4041 1072 4074 more
1080 4019 1165 4074 Gallie

644 4093 747 4144 usitato.
770 4091 856 4160 Ergo,
879 4091 984 4161 siquid
1004 4089 1099 4141 volunt
1121 4089 1165 4138 in·

643 4157 761 4210 violabili
773 4159 913 4210 cerimonia
925 4159 1024 4210 sancire
1037 4165 1063 4207 et
1079 4163 1166 4207 ratum

644 4227 747 4287 locere,
763 4243 834 4276 more
848 4226 977 4277 maiorum
993 4231 1105 4276 utuntur
1117 4221 1167 4274 hnc

645 4294 854 4364 comportatione
870 4293 1019 4361 signorum,
1038 4309 1085 4362 per
1117 4305 1167 4340 une

645 4361 752 4419 iurant,
770 4379 847 4431 aequm
860 4359 961 4412 obstrin
996 4367 1035 4410 nt.
1047 4359 1089 4408 M.
1124 4373 1167 4408 er·

647 4445 738 4500 peram
755 4428 819 4482 lraec
835 4425 952 4481 reddidit
995 4441 1088 4480 necue.
