3040 5264
368 341 429 465 54
730 373 786 434 nr
820 371 954 432 annno
990 375 1111 438 caru.
1220 355 1221 362 ‘

363 579 570 655 exercitum
587 577 718 652 castris
732 577 945 664 continuit,
973 576 1135 675 equestri
1150 575 1293 678 proelio
1308 573 1477 674 quotidie

363 693 570 769 contendit.
600 693 727 768 Genus
749 693 921 766 hocerat
945 716 1119 794 pugnae,
1142 715 1217 790 quo
1234 713 1273 763 se
1299 687 1478 762 Germani

363 815 621 886 exercuerant
655 811 837 908 Equilum
864 807 966 884 milia
992 815 1100 884 erant
1125 833 1209 896 scx3
1227 795 1391 882 totidem
1409 830 1479 878 nu-

364 949 468 1000 mero
492 927 635 1026 pedites
659 923 883 998 velocissimi
898 947 942 997 ac
957 923 1168 1009 fortissimi,
1196 944 1290 1020 quos
1308 943 1358 992 ex
1377 920 1478 992 omni

361 1045 468 1144 copia
494 1043 628 1143 singuli
654 1041 844 1144 singulos,
874 1065 962 1116 suae
989 1039 1116 1114 salutis
1142 1063 1300 1129 caussa,
1327 1035 1478 1138 delege-

359 1164 461 1232 rant.
512 1160 610 1232 Crnn
636 1157 757 1232 bisin
783 1155 931 1256 proeliis
958 1157 1234 1240 versabantur3
1269 1152 1317 1225 ad
1344 1153 1417 1226 hos
1444 1175 1479 1224 se

359 1273 506 1368 equites
532 1272 789 1370 recipiebant:
817 1271 880 1362 hi,
912 1273 943 1346 si
968 1271 1059 1370 quid
1084 1275 1167 1344 erat
1193 1266 1350 1354 durinc,
1388 1289 1478 1338 con-

362 1389 593 1464 currebant:
621 1389 650 1462 si
677 1389 765 1486 qui,
789 1389 961 1488 graviore
989 1385 1143 1460 vulnere
1169 1387 1354 1482 accepto,
1383 1405 1478 1480 equo

362 1504 573 1596 deciderat,
599 1503 941 1578 circumsistebant:
967 1503 1096 1600 siquo
1122 1509 1205 1576 erat
1229 1499 1380 1599 longius
1406 1525 1479 1601 pro

362 1621 593 1713 dcundum,
635 1627 702 1695 aut
738 1617 895 1695 celerius
930 1617 1215 1718 recipiendum,
1251 1623 1358 1690 tanta
1400 1625 1478 1691 erat

360 1734 497 1810 horum
533 1736 799 1810 exercitatione
833 1731 1042 1820 celeritas,
1081 1739 1124 1806 ut
1157 1731 1253 1806 iubis
1293 1753 1477 1830 equorum

361 1852 576 1944 sublevati,
609 1875 763 1926 cursum
788 1849 1052 1947 adaequarent.

409 1981 475 2064 49.
502 1967 575 2041 Ubi
591 1991 676 2040 eum
696 1965 827 2040 castris
843 1988 881 2038 se
898 1970 1026 2038 tenere
1043 1963 1180 2037 Caesar
1197 1959 1385 2035 intellexit
1405 2019 1417 2052 ,
1435 1987 1477 2035 ne

360 2081 502 2160 diutius
527 2087 742 2158 commeatu
767 2079 1054 2180 prohiberetur,
1082 2078 1180 2154 ultra
1206 2103 1294 2152 eum
1320 2079 1478 2172 locum,

362 2185 438 2295 quo
466 2199 503 2271 in
528 2197 613 2272 loco
641 2196 818 2270 Germani
845 2193 1122 2283 consederant,
1155 2194 1306 2268 circiter
1347 2221 1478 2296 passus

358 2320 555 2388 sexcentos
569 2313 615 2386 ab
634 2313 699 2402 eis,
712 2309 844 2384 castris
861 2309 1038 2383 idoneum
1055 2307 1183 2383 locum
1203 2307 1364 2407 delegit,
1382 2314 1478 2386 acie·

359 2449 432 2522 que
454 2426 589 2526 triplici
613 2425 819 2512 instructa,
840 2424 888 2498 ad
908 2449 994 2498 eum
1012 2423 1139 2498 locum
1162 2425 1279 2498 venit.
1306 2425 1477 2500 Primam

358 2543 398 2612 et
422 2541 626 2614 secundam
643 2540 761 2614 aciem
778 2539 816 2612 in
835 2539 946 2614 armis
964 2565 1055 2629 esse,
1073 2540 1226 2614 tertiam
1252 2545 1380 2615 castra
1397 2567 1478 2617 mu·

270 2691 282 2706 ·
357 2655 437 2726 nire
457 2655 574 2730 iussit.
600 2655 672 2728 Hic
693 2653 799 2728 locus
826 2655 873 2728 ab
887 2655 994 2730 hoste
1009 2657 1160 2731 circiter
1174 2667 1302 2755 passus
1317 2683 1478 2734 sexcen-

357 2771 442 2850 tos,
466 2769 522 2840 uti
548 2769 797 2859 dictumest,
826 2770 971 2846 aberat.
1017 2773 1074 2846 Eo
1097 2773 1247 2847 circiter
1276 2773 1477 2848 hominum

357 2907 516 2960 numero
534 2888 621 2960 XVI
635 2885 737 2960 milia
756 2887 929 2986 expedita
947 2911 1036 2961 cum
1054 2889 1156 2962 omni
1173 2890 1349 2986 equitatu
1368 2895 1478 2966 Ario·

357 2999 477 3074 vistus
492 3003 707 3101 misitquae
724 3004 853 3104 copiae
872 3009 1018 3077 nostros
1034 3009 1285 3103 perterrerent
1299 3011 1340 3077 et
1354 3008 1477 3080 muni·

360 3112 463 3187 tione
495 3117 748 3215 prohiberent.
799 3116 925 3191 Nihilo
959 3121 1079 3194 secius
1110 3120 1272 3210 Caesar,
1306 3125 1352 3193 ut
1387 3127 1475 3195 ante

358 3229 631 3323 constituerat,
657 3231 748 3306 duas
776 3233 872 3308 acies
900 3233 1047 3307 hostem
1065 3231 1293 3335 propulsare,
1318 3239 1476 3310 tertiam

357 3363 451 3440 opus
477 3343 672 3444 perlicere,
699 3347 817 3422 iussit.
851 3349 1008 3421 Munitis
1040 3349 1197 3440 castris,
1227 3349 1320 3422 duas
1345 3349 1400 3424 ibi
1428 3350 1476 3424 le·
1506 3363 1507 3368 ’

357 3460 484 3559 giones
515 3460 667 3561 reliquit
693 3467 732 3537 et
762 3469 909 3562 partem
936 3463 1159 3539 auxiliorum
1172 3492 1188 3558 3
1222 3473 1389 3565 quatuor
1415 3495 1476 3544 re-

355 3569 476 3671 liquas
501 3575 540 3647 in
567 3583 691 3650 castra
718 3581 859 3651 maiora
888 3577 1048 3653 reduxit.

407 3689 468 3762 50.
495 3691 671 3766 Proximo
698 3691 785 3779 die,
810 3693 986 3768 instituto
1012 3717 1101 3785 suo,
1132 3693 1267 3770 Caesar
1297 3699 1474 3788 ecastris

353 3945 472 4060 013&
476 3942 698 4064 cipp-Tsslpebdpt
719 3945 800 4064 ctiarp
813 3949 879 4066 :Fvip
945 3945 1030 4042 Tacit.
1050 3947 1082 4000 h.
1101 3963 1134 4013 2,
1153 3957 1184 4003 52
1201 3949 1245 4002 Cl.
1264 3947 1358 4041 ludex.
1481 4019 1483 4026 Α

353 4027 628 4198 ἓξῖκὶὴὲί.8εζῑιῆν
639 4031 878 4150 luffa-‘1¹:¹3⁸
948 4045 1167 4162 arzillhllmrdl
1182 4047 1248 4098 quas.
1266 4029 1316 4116 Src'
1328 4031 1360 4086 C.
1383 4055 1392 4087 ι
1402 4069 1413 4100 ,
1430 4039 1471 4098 84.

354 4208 463 4282 planu.
480 4155 734 4276 sltbifi‘ll‘f
746 4156 782 4264 li
793 4147 879 4285 {iffi
979 4189 1115 4242 nauem.
1133 4189 1167 4242 u.
1186 4193 1343 4246 uanam

352 4283 394 4329 ret
403 4313 411 4337 ,
429 4275 477 4330 ubi
496 4277 569 4355 plura
586 4277 651 4331 dili.
670 4281 706 4330 M.
721 4281 802 4358 Copia
820 4281 878 4333 heic
979 4299 1093 4332 nunrero.
1116 4281 1148 4335 al.
1173 4301 1310 4334 nanterum.
1333 4283 1366 4338 al.
1389 4285 1471 4338 omit-

375 4361 403 4394 ro
430 4355 568 4406 exercitu,
597 4355 627 4400 nt
656 4345 727 4428 apud
757 4347 812 4401 Cre.
844 4347 878 4401 acl
947 4357 1016 4402 tuut.
1034 4349 1098 4402 Cod.
1122 4349 1230 4422 plurimi
1247 4349 1354 4406 habant.
1373 4351 1420 4406 Sic
1443 4361 1470 4405 at

352 4359 411 4470 xli.
440 4421 501 4486 posl
531 4413 562 4474 8,
594 4429 632 4466 ιι.
659 4412 725 4468 boll.
752 4414 811 4470 Cu.
837 4417 878 4467 ⁵6.
947 4419 970 4470 5.
995 4433 1027 4484 ι,
1048 4427 1069 4482 4.
1089 4423 1112 4472 5.
1132 4423 1167 4484 5,
1185 4425 1234 4474 etc.
