3026 5264
380 363 471 456 322

741 393 796 452 DE
833 391 966 451 namo
1002 394 1123 453 otta.

376 591 420 666 ad
449 590 643 663 Caesarem
663 589 770 690 plena
790 590 947 664 fiduciae
966 592 1118 663 consilia
1139 587 1289 690 perlata,
1305 591 1372 662 sive
1387 614 1445 662 cer·

373 709 522 779 tamiuis
550 704 738 805 periculo,
765 707 842 778 sive
875 707 999 778 subito
1026 705 1214 793 adventu,
1247 727 1307 776 seu
1344 727 1445 799 exspe-

375 825 539 896 ctatione
567 823 681 894 nostri
710 821 872 911 consilii,
899 823 1025 919 copias
1043 823 1234 895 instruunt
1251 843 1313 919 pro
1330 821 1444 904 castris,

139 931 152 968 '⁴
230 975 272 1020 ,s
354 965 445 1048 ¹nec
471 938 555 1012 loco
582 938 769 1037 superiore
797 937 994 1010 decedunt.
1029 940 1182 1028 Caesar,
1209 941 1275 1012 etsi
1301 923 1491 1008 dimicarc'

318 1139 325 1162 ἑ
372 1055 592 1154 optaverat,
618 1060 770 1140 tamen,
797 1051 1001 1126 admiratus
1028 1059 1174 1126 tantam
1202 1049 1445 1124 multitudinem

371 1161 686 1276 hostium,2valle
712 1169 941 1256 intermissa,
968 1167 1085 1266 magis
1110 1167 1146 1236 in
1168 1160 1446 1237 altitudinemde·

370 1309 517 1382 pressa,
537 1278 656 1384 'quam
683 1281 759 1354 late
786 1289 963 1380 patente,
998 1288 1119 1354 castra
1160 1282 1289 1352 castris
1315 1279 1445 1350 hostiurn

372 1399 531 1473 confert.
551 1401 654 1472 Haec
680 1399 840 1496 imperat
866 1398 1126 1496 vallo'pedum
1153 1401 1222 1470 xu
1249 1399 1389 1478 muniri,
1405 1419 1448 1466 co

367 1519 541 1614 ronisque
573 1513 767 1588 loriculam
795 1539 861 1614 pro
888 1516 1032 1587 ratione
1059 1515 1139 1586 eius
1159 1513 1359 1586 altitudinis
1375 1515 1448 1582 inae-

369 1631 529 1716 dificari;
558 1629 693 1700 fossam
720 1627 906 1726 duplicem
934 1629 1068 1726 pedum
1097 1631 1254 1725 quinum
1274 1625 1449 1700 denumla·

369 1745 509 1816 terihus
536 1743 685 1814 directis
713 1741 895 1838 deprimi3
933 1743 1043 1814 turris
1083 1743 1232 1814 crebras
1261 1741 1401 1814 excitari
1424 1739 1449 1808 in

368 1845 603 1934 altitudinem
617 1860 669 1930 lll
685 1857 957 1948 tabulatorum,
970 1859 1146 1958 pontibus
1165 1859 1369 1933 transiectis
1385 1881 1450 1928 con·

396 2082 542 2128 certaminis
557 2076 683 2144 periculo,
707 2075 765 2136 vel,
790 2083 821 2126 ut
842 2093 888 2143 pe-

365 2145 542 2198 riclitarentur
559 2143 643 2195 aleam
659 2144 827 2208 certaminis3
846 2141 886 2194 vel

366 2214 427 2284 quia
446 2210 557 2282 periculi
577 2209 710 2262 subeundi
733 2210 886 2261 certaminis

365 2279 490 2332 instabat.
509 2279 602 2331 Malim
621 2277 758 2347 posterius.
784 2277 827 2330 M.

398 2352 425 2397 in
449 2347 517 2398 altit.
540 2348 678 2417 depressas
705 2362 758 2395 uno
778 2341 885 2410 ⁸verbo,

364 2413 503 2484 profunda.
524 2413 567 2466 Sic
579 2419 605 2464 in
616 2413 777 2463 altitudinem
788 2423 884 2462 erectus

363 2485 432 2533 toret
449 2479 605 2549 simpliciter
622 2479 700 2530 altus.
725 2479 768 2530 M.

395 2560 482 2598 eastra
499 2551 589 2597 arseris
606 2545 715 2616 confert,
741 2563 785 2596 sua
803 2552 885 2597 castra

364 2617 455 2668 castris
479 2613 596 2664 hostium
647 2631 674 2663 ro
695 2613 791 2727 iithpua,
819 2621 846 2663 et
870 2630 884 2662 e

363 2683 469 2745 ragione
487 2681 573 2750 ponit.
590 2697 614 2730 v.
628 2631 693 2730 luti
742 2715 749 2728 .
773 2679 803 2729 in
826 2697 885 2729 con-

374 2765 439 2798 erre.

354 2747 545 2882 scorone'squc
562 2838 594 2850 -·
611 2810 777 2884 inaedificuri.
807 2811 884 2864 Haud

364 2888 517 2933 cunctanter
536 2880 631 2939 fateor,
649 2897 690 2930 me
703 2879 764 2930 haec
776 2897 830 2930 nou
842 2881 884 2929 in-

363 2945 491 3014 telligere,
509 2948 662 3018 praesertim
679 2965 737 2999 cum
755 2945 883 2997 aelectio

361 3014 468 3131 puidam
484 3023 553 3066 certa
571 3015 615 3065 sit.
634 3013 734 3082 Nempe
755 3011 794 3063 vel
809 3012 883 3064 deest

373 3082 512 3142 ‹Ji-tentam
534 3079 576 3133 vel
600 3079 673 3133 deest
699 3085 816 3146 coroni'e3
842 3079 883 3130 rol

362 3148 457 3200 ‹lesimt
475 3148 565 3210 verba,
581 3167 631 3218 pro
649 3153 750 3198 ratione
773 3152 825 3197 eius
848 3147 884 3197 cl·

362 3218 491 3277 titudinis;
510 3215 565 3282 vel,
578 3215 622 3266 ubi
637 3215 661 3265 le
694 3223 769 3275 ntur,
781 3216 884 3265 variant

362 3303 449 3334 rursus
474 3282 591 3353 pluribus
616 3233 711 3334 modis.
753 3279 825 3352 Quid
848 3281 884 3332 sit

362 3351 442 3401 lorica
461 3351 535 3409 valli,
574 3359 643 3400 otest
660 3367 690 3400 ex
710 3363 737 3413 7,
756 3363 786 3410 72
806 3347 884 3398 intel·

361 3416 420 3486 ligi,
440 3425 467 3468 et
483 3436 543 3484 rogo
555 3368 684 3478 lectores,
700 3425 730 3466 ιιι
746 3415 824 3466 illum
841 3414 883 3466 lo-

361 3503 420 3534 cum
436 3485 584 3536 conserant:
603 3483 648 3536 sed
666 3481 728 3554 quid
746 3484 797 3548 sit,
822 3482 883 3532 lori·

360 3552 444 3602 culam
461 3551 524 3601 vetti
541 3557 641 3601 eoroiiis
660 3549 835 3618 inaedificare,
854 3549 882 3601 id

359 3635 461 3697 (puncto.
486 3616 690 3688 Oudendorpius
703 3618 739 3668 sic
753 3615 880 3685 explicat:

359 3704 387 3734 in
405 3703 501 3736 eiinimo
518 3685 624 3735 rotundi
642 3683 827 3803 vallt'sastigl'o
839 3701 882 3733 ae·

358 3751 464 3823 dificare
486 3752 628 3802 loriculam.
671 3753 703 3804 Se
750 3770 795 3802 cur
812 3749 881 3801 dixit

357 3823 471 3879 curonis,
491 3817 585 3889 plurali
604 3838 731 3879 nurnero,
747 3819 769 3868 si
787 3827 826 3868 est
839 3819 881 3866 sa-

257 3907 263 3923 ·
358 3887 464 3954 stigium
481 3905 526 3937 seu
544 3901 631 3952 margo
656 3885 789 3936 summus?
813 3885 880 3936 Rur-

358 3971 402 4004 sus
420 3953 551 4006 Gesacum
569 3937 604 4002 in¹
615 3951 694 4006 Thes.
719 3953 749 4002 L.
767 3951 798 4002 L.
824 3969 880 4002 non

359 4021 476 4084 agnoscit
492 4019 600 4070 verbum
617 4020 767 4080 loriculam,
791 4028 818 4070 et
834 4037 879 4069 co-

360 4088 432 4138 ronis
450 4087 611 4138 incmlificare
629 4087 743 4156 explicat
754 4089 801 4144 sic,
816 4087 879 4136 leri-

359 4171 388 4202 ca
405 4157 549 4205 interrasisse
564 4159 650 4223 pinnis
666 4157 751 4206 incedi
763 4172 830 4204 icam
841 4172 881 4204 cn-

360 4231 430 4269 strc:
458 4220 563 4272 dubitat
583 4230 671 4274 tanoen
697 4221 728 4274 de
758 4221 878 4274 lectione.

356 4285 386 4339 Si
405 4285 467 4356 quid
486 4289 514 4338 iu
531 4287 642 4340 lectione
661 4291 757 4342 incerta
769 4289 822 4340 dici
835 4307 882 4358 po·

359 4359 424 4408 test,
438 4352 556 4421 legerim:
574 4361 725 4424 coronisque
737 4355 784 4406 lion
801 4355 880 4419 (scil.

358 4418 454 4470 vallum
469 4425 479 4484 )
495 4438 546 4488 pro
563 4439 587 4470 r.
604 4440 629 4472 a.
648 4424 815 4492 incedificcri.
834 4423 881 4474 Co·

954 2094 1034 2126 conae
1052 2082 1113 2126 sunt
1130 2077 1188 2144 ipsa
1205 2073 1252 2126 illa
1266 2073 1384 2138 loricnls3
1398 2070 1449 2141 quod

955 2142 1073 2198 verbum.
1101 2151 1131 2194 ιιι
1155 2142 1267 2194 sortasse
1290 2145 1387 2200 notius,
1407 2157 1449 2190 eun

954 2209 1048 2278 aliquis
1061 2209 1253 2278 interpretandi
1268 2227 1354 2262 caussa
1367 2206 1450 2274 margini
1490 2225 1491 2234 ι

953 2275 1146 2346 adscripsiset,
1164 2277 1236 2326 venit
1262 2279 1291 2328 in
1310 2285 1416 2334 textum,
1433 2281 1450 2321 cl

953 2363 1043 2396 ecasu
1070 2351 1157 2404 sexto,
1182 2343 1309 2409 loricula,
1338 2345 1451 2394 incursat

953 2419 1068 2480 quartas.
1094 2411 1149 2462 lam
1173 2409 1275 2462 vallum
1300 2409 1451 2462 inaedificatur
1490 2435 1491 2438 =

953 2480 1056 2530 coronis
1073 2497 1094 2527 s.
1112 2477 1232 2543 loricula,
1250 2497 1312 2532 cum
1323 2481 1385 2530 circa
1399 2493 1449 2526 nar·

968 2545 1038 2594 inem
1055 2543 1116 2594 valli
1140 2546 1175 2596 sit
1196 2563 1292 2597 corona
1315 2563 1335 2597 s.
1357 2540 1450 2596 loricula.

951 2563 1054 2680 igriodsi
1071 2629 1102 2662 ex
1114 2611 1286 2665 architectura
1298 2611 1411 2670 addatur,
1421 2627 1451 2658 co

951 2697 1028 2729 ronas
1057 2697 1111 2729 csse
1138 2681 1314 2748 proiectiones
1337 2698 1356 2731 s.
1376 2675 1450 2746 proni·

950 2746 1054 2797 nuntias
1073 2746 1218 2814 parietum,
1233 2765 1303 2817 quiae
1327 2745 1400 2798 lindie
1421 2741 1451 2792 di·

949 2821 1041 2864 cantur
1057 2812 1172 2863 ‹urniclie
1190 2814 1308 2874 (Krane
1320 2817 1343 2878 )‚
1370 2813 1399 2865 dc
1414 2825 1451 2927 pio

950 2879 1026 2930 Laeti
1054 2879 1167 2931 Lericon
1190 2880 1375 2934 Vitruvianum
1402 2878 1451 2928 ain

950 2955 1052 3016 potest:
1072 2949 1252 3000 tantominus
1270 2951 1366 3000 minim
1380 2947 1450 2997 suerit,

950 3015 1053 3064 coronis
1066 3013 1223 3075 istiusmodi,
1233 3017 1300 3067 circa
1308 3014 1398 3067 vallum
1411 3029 1452 3080 pro·

949 3080 1123 3138 currentibus,
1141 3082 1192 3132 dici
1211 3081 1402 3135 inaedificatum
1413 3075 1452 3126 val·

950 3147 1022 3208 lum,
1046 3157 1071 3198 et
1096 3147 1141 3199 lias
1165 3167 1220 3200 esse
1242 3149 1317 3200 illam
1346 3148 1452 3202 loricam.

950 3232 1015 3283 quae
1032 3214 1098 3266 alibi
1121 3215 1224 3267 dicitiu.
1243 3259 1248 3268 .
1268 3215 1378 3274 Dubito,
1402 3228 1453 3264 ene

949 3279 1007 3332 loco
1035 3282 1135 3350 Vegetii
1162 3281 1225 3346 (de
1242 3301 1271 3334 re
1288 3282 1345 3334 mit.
1363 3293 1391 3348 4,
1408 3281 1453 3338 28.)

950 3348 1063 3418 exsculpi
1082 3348 1181 3419 aliquid
1207 3351 1306 3420 possit,
1337 3349 1383 3402 ubi
1408 3346 1455 3398 lori-

949 3416 1036 3467 culam
1054 3435 1108 3468 esse
1126 3416 1192 3468 dicit
1209 3417 1326 3479 fossam,
1351 3415 1415 3468 vallo
1435 3420 1453 3461 rt

950 3482 1083 3535 turricnlis
1110 3484 1275 3535 instructam.
1320 3483 1373 3538 Sed
1400 3477 1455 3532 nihil

949 3549 1054 3600 delinio.
1091 3551 1128 3600 M.
1164 3551 1229 3602 Puto
1245 3553 1276 3602 in
1295 3551 1454 3620 explicatione

938 3615 1016 3669 oud.
1043 3617 1267 3689 acquiescendum.
1311 3619 1391 3670 Locus
1417 3617 1454 3664 te

947 3685 1010 3752 getii
1033 3683 1082 3736 liuc
1107 3703 1161 3735 uon
1186 3686 1259 3737 tacit.
1293 3685 1381 3737 Addit
1398 3679 1454 3735 Oud-

948 3761 974 3802 et
992 3751 1070 3802 alium
1087 3753 1275 3812 coniecturam,
1293 3771 1361 3823 quae
1383 3751 1455 3802 minin

947 3817 1058 3870 adridet.
1093 3820 1190 3870 Forsan
1207 3820 1341 3870 loriculam
1359 3819 1405 3869 hur
1421 3819 1454 3866 in-

947 3887 1029 3955 repsit
1055 3905 1101 3956 per
1125 3903 1236 3937 eir-orem
1253 3907 1267 3938 e
1284 3883 1454 3956 sequentium

946 3952 1036 4004 abesse
1045 3955 1117 4004 enim
1130 3963 1229 4024 potest,
1240 3963 1269 4004 ιιι
1280 3955 1374 4006 Morus
1385 3962 1455 4002 osten·

946 4017 995 4071 dit.
1014 4021 1111 4072 Forsan
1129 4030 1156 4072 ct
1170 4019 1307 4090 lugendum
1319 4025 1455 4086 coronisque

946 4091 997 4138 eive
1015 4087 1133 4138 loricula.

979 4157 1119 4222 deprimere
1127 4155 1248 4227 fossam,
1275 4155 1375 4216 fodere,
1397 4153 1455 4218 (sa-

946 4239 1017 4282 cere,
1034 4231 1064 4273 ut
1081 4223 1125 4274 liat
1144 4222 1279 4292 profunda.
1294 4229 1304 4285 )
1322 4225 1358 4271 M.

980 4290 1026 4338 ἱαι.
1045 4291 1154 4340 clirecus.
1173 4309 1197 4340 v.
1217 4306 1244 4354 7,
1263 4307 1301 4355 72.
1315 4299 1341 4340 ct
1354 4287 1409 4340 [nd.
1421 4283 1455 4336 dl·

977 4369 1067 4424 portos
1084 4359 1233 4417 constrati,
1257 4356 1378 4416 tabulae,
1400 4370 1455 4422 qliae

947 4423 982 4475 sic
1000 4434 1155 4476 sternuntur
1172 4443 1192 4476 s.
1207 4433 1357 4494 ponuntur,
1367 4421 1399 4476 ab
1412 4437 1454 4472 uaa
