3026 5264
336 305 430 402 356
461 339 538 398 nn
572 337 708 398 nnete
741 338 864 404 enne.
900 337 979 398 nin.
1013 339 1100 397 nn.
1133 337 1225 398 ene.
1264 307 1341 428 54.
1378 307 1448 403 55.

334 534 600 613 eeeuceoatur.
618 539 700 636 ipse
717 537 898 614 exerent
913 536 1288 612 distribuentur-na:
1303 520 1452 614 ent·

333 653 489 736 boniurn
516 675 602 724 cum
628 651 835 753 legionibus
860 661 1022 752 quatuor
1046 655 1084 726 in
1111 649 1239 752 Belgio
1259 653 1450 742 conlocat3

334 771 377 843 C.
394 769 551 842 Fehirun
570 793 659 841 cum
676 768 835 842 totidem
851 769 890 842 in
908 769 1057 842 Aeduos
1076 767 1241 844 deducit.
1267 772 1331 844 Sic
1349 773 1448 846 enim

334 883 594 968 existimabat,
621 884 846 956 tutissimam
881 883 961 956 fere
1000 883 1182 972 Galliam,
1217 885 1247 956 si
1281 883 1446 984 Belgae,

333 1025 496 1102 quorum
521 1004 687 1075 maxima
713 1003 851 1092 virtus,
878 1008 917 1075 et
943 1000 1083 1091 Aedui,
1109 1023 1272 1104 quorum
1312 1009 1450 1076 aucto-

332 1119 424 1190 ritas
450 1121 596 1188 summe
615 1123 730 1204 esset,
749 1117 973 1190 exercitibus
988 1109 1283 1192 continerentur.
1311 1117 1392 1215 Ipse
1412 1119 1451 1190 in

333 1233 482 1307 ltaliam
509 1231 701 1330 proiectus
727 1239 799 1308 est.

383 1347 446 1422 55.
472 1348 558 1438 Quo
585 1370 702 1442 quum
728 1347 913 1436 venisset,
938 1347 1149 1446 cognoscit,
1176 1371 1242 1447 per
1275 1347 1319 1420 C.
1345 1349 1449 1420 Mer-

334 1461 471 1534 cellum
496 1459 717 1550 Consulem,
742 1459 904 1562 legiones
938 1460 1052 1558 duas,
1090 1461 1138 1532 ab
1178 1486 1217 1534 se
1256 1460 1451 1550 remissas,

334 1601 429 1675 quae
455 1600 502 1649 ex
527 1576 566 1648 S.
592 1577 635 1648 C.
662 1575 840 1650 deberent
864 1576 912 1648 ad
938 1577 1156 1652 Parthicum
1177 1575 1318 1650 bellum
1338 1577 1450 1668 duci,

335 1695 403 1766 Cn.
429 1691 607 1788 Pompeio
632 1691 832 1766 transditas
858 1699 970 1789 atque
994 1695 1033 1766 in
1051 1691 1157 1764 ltalia
1175 1699 1340 1766 retentas
1360 1719 1452 1766 esse.

334 1809 418 1882 Hoc
444 1807 568 1896 fecto,
595 1831 824 1906 quamquem
850 1807 940 1880 nulli
967 1815 1048 1882 erat
1066 1809 1248 1896 dubium,
1270 1807 1452 1905 quidnam

334 1931 466 2001 eontra
493 1925 686 2000 Caesarem
707 1934 920 2026 pararetur,
939 1933 1065 1998 tamen
1084 1925 1220 2000 caesar
1239 1927 1364 1996 omnia
1388 1950 1452 2022 pa·

334 2039 463 2114 tienda
488 2065 565 2112 esse
591 2043 743 2132 statuit,
770 2041 892 2139 quoad
919 2041 988 2112 sibi
1014 2065 1097 2138 spes
1123 2040 1248 2137 aliqua
1265 2038 1451 2134 relinque·

333 2165 459 2249 retur,
485 2158 564 2232 iure
590 2163 715 2259 potius
740 2157 989 2257 disceptandi,
1015 2181 1129 2256 quam
1162 2155 1250 2230 belli
1275 2154 1448 2258 gerundi.

335 2277 551 2352 Contendit.

369 2484 490 2533 exerunt
504 2480 604 2531 dietrib.
623 2477 737 2530 Ιιίὂσιιι.
784 2477 857 2540 Alii,

335 2555 473 2600 exereitum
490 2547 590 2598 distr-ib.
604 2565 654 2614 per
670 2545 721 2596 ltt'h.
760 2544 812 2597 Sed
829 2544 858 2596 lii

336 2617 478 2668 voluerunt
488 2614 651 2666 usitatiorem
666 2613 793 2684 syntexin
801 2609 859 2666 sub·

336 2684 445 2736 ttitoere
462 2681 561 2732 rariori.
578 2679 617 2730 Μ.

369 2753 392 2798 ei
410 2749 444 2798 ln·
471 2765 509 2796 ae.
528 2748 546 2797 i.
563 2765 584 2797 e.
602 2751 625 2796 si
642 2746 764 2815 Belgium.

370 2828 413 2864 cra
462 2826 511 2864 atne
524 2841 556 2851 -
572 2831 633 2864 esse.
650 2813 704 2864 Diu
721 2813 794 2866 Coss.
811 2821 857 2878 4ο.

370 2948 435 2998 rualli
462 2959 521 2998 erat
546 2947 654 2998 dubium.
701 2947 757 3000 Alii
785 2947 858 2999 ruello

337 3018 461 3086 ἆβχαᾱῶς.

369 3084 491 3150 quidnam
500 3093 648 3150 pareretur.
667 3079 712 3134 sie
720 3081 794 3135 codd·
805 3079 858 3136 Ou-

335 3149 413 3204 dend.
485 3165 650 3201 uouemere:
667 3147 857 3218 vulgcte‚quin

336 3235 411 3268 niuno
427 3237 448 3268 e.
492 3229 683 3286 .·per·arentur‚
707 3235 792 3270 rursus
816 3223 857 3267 est

336 3284 486 3354 explicatio.
511 3285 553 3336 M.

370 3353 515 3402 Coretendit.
546 3351 602 3402 Hoc
618 3349 730 3404 verbum
747 3351 774 3402 in
793 3349 856 3420 plu·

335 3417 409 3472 ribus
431 3426 458 3470 et
482 3415 639 3488 quibusdam
667 3417 751 3470 bonae
779 3426 856 3469 neue

335 3485 411 3538 codd.
423 3484 499 3546 eddi,
510 3485 539 3536 in
550 3503 602 3536 uno
619 3503 678 3540 vero
692 3487 773 3538 etiem
791 3485 857 3537 Con·

335 3553 416 3604 tendit
433 3552 545 3620 quiedam
561 3565 670 3622 utreque
686 3553 727 3604 die
736 3553 856 3623 Jtituntm

334 3618 395 3688 legi,
421 3627 531 3671 metatur
554 3621 622 3672 Oud.
647 3629 674 3672 et
697 3620 785 3671 deesse
812 3617 856 3673 hic

335 3685 462 3737 nonnulle
484 3685 626 3738 existimet.
677 3689 715 3739 Ac
738 3687 854 3758 prolecto

335 3752 437 3804 videtur
453 3753 555 3804 Hirtius
572 3753 605 3806 nd
623 3753 667 3806 ille
688 3774 705 3805 u
754 3774 767 3805 e
791 3763 855 3804 tem-

333 3837 398 3894 pore
411 3821 530 3892 progredi
545 3819 672 3884 uoluisse,
684 3823 728 3890 qn'
751 3839 782 3876 us
797 3839 856 3876 eve-

924 2479 966 2532 nit
982 2479 1022 2541 id,
1046 2477 1116 2550 qnod
1139 2479 1246 2532 ineunte
1268 2477 1337 2532 libro
1361 2481 1448 2550 prime

925 2545 958 2598 de
975 2545 1047 2599 civili
1066 2545 1134 2598 bello
1152 2555 1281 2598 narretur.
1312 2547 1389 2599 Certe
1395 2585 1404 2609 ‚
1420 2557 1449 2600 ut

926 2631 997 2666 nunc
1020 2614 1115 2682 legitur
1139 2612 1202 2665 libri
1226 2611 1299 2665 illius
1325 2615 1448 2677 initium,

926 2699 980 2732 nun
990 2681 1110 2733 cohaeret
1126 2679 1274 2750 planetum
1290 2680 1368 2734 huius
1387 2681 1449 2734 libri

925 2747 1012 2800 verbis
1029 2756 1057 2799 et
1072 2747 1149 2800 reboo
1166 2747 1278 2800 ultimis.
1300 2749 1364 2814 Res,
1382 2767 1450 2818 quer

924 2814 1033 2875 desunt,
1058 2832 1090 2866 ex
1113 2815 1239 2896 'Appieno
1256 2834 1284 2876 α,
1306 2815 1347 2866 32.
1373 2817 1450 2895 lucil!

924 2879 1259 3018 ttttitlfftttfftt
1272 2881 1451 3000 diffidi?

924 3017 1005 3067 temet
1015 3018 1047 3066 ab
1058 3015 1170 3077 Senatu,
1181 3028 1209 3066 ut
1220 3023 1298 3068 etiam
1315 3018 1451 3084 l’empeiur

923 3101 950 3134 se
975 3087 1081 3152 imiterio
1111 3083 1259 3148 abdicaret,
1281 3101 1356 3152 seque
1381 3085 1449 3134 idem

918 3149 1208 3230 sueutruerumiritr
1233 3155 1273 3200 sin
1297 3155 1397 3210 ηιίηω,
1422 3169 1449 3200 se

923 3217 1448 3353 tt“.2t;;tt⁹tttttt“⁰lti““ffttz

922 3351 955 3404 de
964 3349 1112 3404 bellocivili
1121 3370 1127 3398 ε
1141 3352 1247 3402 Litteris
1256 3351 1378 3402 Caesaris
1388 3369 1448 3402 eon-

922 3418 1017 3469 sutitus
1034 3417 1143 3470 redditis
1160 3446 1200 3468 -.
1243 3417 1310 3469 llaec
1331 3435 1389 3488 ergo
1407 3427 1448 3470 est

922 3503 1012 3538 rerum
1023 3487 1114 3546 series,
1127 3503 1144 3536 n
1178 3503 1209 3536 ue
1226 3503 1293 3552 opus
1310 3485 1374 3550 erit,
1386 3503 1448 3537 cum

922 3553 1016 3604 Vossio
1039 3561 1065 3604 et
1089 3505 1255 3622 Glariiiorpio
1278 3554 1447 3614 existimare,

923 3619 1029 3672 initium
1048 3618 1109 3672 libri
1128 3619 1207 3690 primi
1229 3618 1261 3672 de
1284 3617 1353 3670 bello
1375 3619 1448 3671 civili

922 3685 1019 3739 deesse.
1040 3689 1077 3738 M.
1095 3685 1163 3740 Bene
1181 3685 1209 3739 id
1231 3705 1261 3739 su
1283 3685 1448 3756 plementnm

921 3754 1064 3876 eeffirdut
1080 3771 1142 3812 cum
1158 3753 1236 3810 initio
1278 3752 1448 3808 trieben·

922 3839 946 3876 01
