3060 5276
375 383 456 446 trs.
489 381 549 445 ιιι.
584 383 679 446 css.
720 343 897 471 34-36.
1100 359 1188 452 511

107 579 179 660 36.
199 579 422 683 Eodemque
441 591 612 686 tempore
643 585 834 660 Domitius
863 586 901 660 in
929 585 1193 666 Macedoniam

51 706 168 776 venit
184 708 230 776 et
247 689 458 799 ,quum'ad
472 724 560 776 eum
585 702 798 802 frequentes
826 703 1027 780 civitatum
1043 706 1203 810 legatio·

51 845 122 896 nes
138 821 352 894 convenire
366 821 575 918 coepissent
589 873 602 910 ,
615 815 839 894 nunciatum
863 828 949 914 est,
968 822 1095 898 adesse
1122 825 1200 900 Sci·

51 937 218 1034 pionem
235 955 324 1008 cum
344 933 576 1034 legionibus,
606 959 742 1038 magna
768 941 808 1010 et
836 937 1011 1036 opinione
1036 937 1197 1012 etfama

52 1037 266 1124 omnium:
294 1075 383 1124 nam
410 1049 632 1150 plerum'que
659 1053 697 1126 in
725 1054 894 1127 novitate
907 1054 1009 1127 fama
1038 1060 1196 1128 antece-

51 1168 126 1243 dit.
183 1169 288 1258 Hic,
322 1165 425 1242 nullo
450 1168 490 1242 in
516 1166 602 1242 loco
620 1167 863 1244 Macedoniae
881 1178 1081 1263 moratus,
1109 1195 1195 1246 ma-

52 1307 132 1383 gno
160 1284 301 1384 inpetu
329 1282 497 1358 tetendit
522 1284 571 1358 ad
597 1285 809 1360 Domitium
836 1291 903 1377 et,
923 1309 1039 1386 quum
1067 1287 1115 1360 ab
1154 1278 1200 1359 eo

52 1397 168 1471 milia·
179 1421 366 1498 passuum
386 1399 524 1500 viginti
543 1399 887 1492 abfuisset,subito
908 1427 947 1476 se
966 1401 1014 1476 ad
1030 1400 1202 1476 Cassium

53 1511 282 1616 Longinum
309 1513 349 1587 in
375 1512 825 1592 Thessaliamconvertit
865 1517 949 1592 lloc
971 1514 1064 1590 adeo
1092 1513 1192 1589 cele-

55 1631 154 1704 riter
168 1631 266 1706 fecit
288 1637 333 1705 ut
350 1629 465 1705 simul
482 1631 610 1708 adesse
627 1619 669 1708 et
680 1634 808 1710 venire
826 1634 1080 1708 nunciaretur.
1123 1633 1197 1715 Et,

55 1767 137 1840 quo
165 1746 246 1818 iter
271 1748 483 1847 expeditius
496 1749 664 1840 faceret,
690 1751 744 1824 Μ.
760 1749 972 1824 Favonium
990 1737 1193 1821 adflumen

52 1861 382 1956 Haliacmonem,
406 1864 509 1964 quod
535 1863 807 1940 Macedoniam,
830 1889 853 1938 a
876 1862 1069 1938 Thessalia
1095 1862 1196 1937 divi-

59 1976 147 2068 dit,
174 1999 268 2050 cum
284 1979 504 2055 cohortibus
526 1986 616 2056 octo
647 1979 831 2080 praesidio
862 1976 1123 2078 inpedimentis
1141 1974 1198 2048 le-

60 2097 226 2196 gionum
252 2095 401 2193 reliquit
421 2095 693 2192 castellumque
724 2095 776 2168 ibi
804 2096 943 2168 muniri
966 2095 1086 2168 iussit.
1124 2091 1199 2168 Eo·

62 2211 162 2284 dem·
179 2217 357 2310 tempore
375 2211 568 2312 equitatus
598 2211 850 2312 liegis‘Cotys
876 2209 925 2284 ad
938 2217 1063 2286 castra
1079 2211 1202 2286 Cassii

64 2325 296 2416 advolavit,
323 2329 388 2424 qui
414 2326 560 2400 circum
585 2324 819 2400 Thessaliam
835 2349 913 2400 esse
931 2328 1203 2398 consueverat.

65 2441 167 2516 Tum
196 2443 336 2516 timore
362 2443 584 2540 perterritus
611 2443 784 2533 Cassius,
821 2443 977 2543 cognito
1013 2439 1203 2540 Scipionis

65 2559 265 2650 adventu,
294 2559 458 2658 visisque
491 2559 708 2659 equitibus,
734 2581 829 2658 quos
847 2560 1031 2659 Scipionis
1045 2583 1123 2632 esse
1141 2581 1202 2632 ar·

63 2678 307 2768 bitrabatur,
333 2677 380 2750 ad
406 2662 556 2752 montes
574 2699 613 2750 se
638 2665 851 2768 convertit,
877 2679 941 2776 qui
961 2674 1197 2752 Thessaliam

67 2795 256 2894 cingunt,
282 2801 407 2892 atque,
424 2817 472 2867 ex
496 2795 553 2866 bis
579 2791 672 2866 locis
698 2791 941 2866 Ambraciam
967 2815 1099 2866 versus
1122 2794 1201 2866 iter

65 2910 189 2986 facere
218 2913 359 3011 coepit.
412 2912 463 2984 At
490 2909 732 3008 Scipionem,
767 2912 1034 3009 properantem
1061 2911 1194 3008 sequi,

66 3023 214 3107 litterae
243 3030 332 3100 sunt
358 3030 584 3103 consecutae
609 3047 633 3096 a
658 3025 711 3096 M.
746 3023 942 3114 Favonio,
981 3024 1198 3099 Domitium

68 3165 157 3218 cum
173 3143 387 3245 legionibus
401 3141 528 3217 adesse
542 3193 556 3231 ,
569 3161 689 3238 neque
708 3161 748 3212 se
767 3141 1011 3238 praesidium,
1031 3141 1198 3216 ubicon·

68 3258 225 3332 stitutus
244 3263 362 3348 esset,
375 3258 453 3332 sine
468 3253 606 3346 auxilio
622 3253 808 3354 Scipionis
826 3261 952 3328 tenere
967 3253 1091 3354 posse,
1106 3251 1203 3346 Qui·

69 3369 139 3446 bus
163 3370 311 3447 litteris
321 3371 511 3472 acceptis,
531 3367 728 3448 consilium
760 3369 887 3468 Scipio
914 3369 1060 3468 iterque
1094 3389 1199 3442 com·

70 3493 222 3575 mutan
256 3487 424 3560 Cassium
462 3485 566 3586 sequi
603 3483 773 3575 desistit,
804 3481 973 3557 Ilavonio
1012 3479 1205 3554 auxilium·
1263 3535 1267 3546 .

72 3601 166 3677 ferre
194 3603 405 3678 contendit.
433 3605 566 3701 Itaque
593 3600 652 3678 die
679 3625 723 3676 ac
750 3607 862 3676 nocte
889 3600 1113 3676 continuato
1136 3599 1199 3672 iti·

73 3741 160 3791 nere
187 3717 239 3792 ad
267 3741 353 3792 eum
380 3719 578 3818 pervenit,
603 3723 684 3794 tam
700 3717 913 3817 obporluno
931 3720 1103 3813 tempore
1121 3767 1134 3806 ,
1150 3713 1198 3786 ut

75 3979 175 4020 nornen
196 3963 317 4020 hominis
333 3961 455 4018 Thessali
472 3961 604 4036 quosdam
671 3967 732 4036 ipsa
753 3962 835 4018 verbo
856 3965 963 4018 monuit
984 3963 1037 4016 Dio
1054 3965 1127 4019 Cass.
1145 3973 1199 4030 41,

77 4033 243 4114 interpretes.
266 4031 341 4112 oud..
355 4034 384 4084 in
401 4030 477 4085 codd.
501 4029 604 4084 Lovau.
673 4035 715 4082 51.
732 4030 775 4084 M.
797 4101 801 4112 Ι
876 4099 893 4114 ..
1025 4103 1029 4112 Ι
1141 4103 1146 4114 ¹

78 4107 105 4178 el
126 4099 240 4156 Durrslu
257 4106 355 4179 repent
373 4097 500 4179 Prorsus,
529 4098 604 4168 qaod
704 4098 820 4150 retrudet.
838 4097 895 4152 nln
911 4099 1058 4178 mmerulsl,
1076 4100 1169 4179 tendat«

80 4181 102 4216 cr
128 4183 183 4248 nou
208 4165 394 4248 negligendum
422 4165 535 4248 videtur.
559 4163 603 4218 M.
705 4163 1060 4246 C⁰tr⁸·,1¹²?¹¹¹s·‚0⁰¹²¹·
1084 4165 1152 4217 Coc.
1170 4171 1202 4218 ut

79 4229 188 4367 liddam
205 4235 270 4288 edm
290 4233 403 4288 secund·
429 4241 539 4303 “apul
559 4250 603 4284 w
672 4231 832 4372 ddulpbld}
852 4229 1086 4354 dlnseldululdco
1101 4232 1200 4354 ldbdtlll

376 4407 379 4414 ,
671 4365 739 4420 boui
756 4365 834 4424 codd.
851 4365 1028 4438 bucerus·
1045 4363 1089 4422 rel
1105 4365 1200 4421 musa

106 4433 185 4504 firma
202 4441 337 4508 (mgna)
354 4439 487 4492 ostende.
519 4435 559 4492 be
576 4454 605 4492 rs
670 4431 704 4495 ,Ὺ-
723 4455 745 4490 c·
766 4445 793 4501 4.
917 4501 922 4512 .
1186 4482 1188 4488 .
