3032 5266
1055 363 1150 494 459

43 694 46 704 ,
91 615 151 688 29.
187 589 325 690 Atque.
345 592 385 664 in
425 594 556 666 castris
586 593 756 671 Curionis
789 620 946 697 magnus
981 571 1152 688 omnium

31 705 193 782 incessit
218 713 358 782 timor:
395 735 481 786 nam
508 715 537 783 is
564 712 676 784 variis
702 711 897 786 hominum
924 720 1155 792 sermonibus

33 827 212 900 celeriter
238 832 428 928 augetur:
462 827 715 924 unusquisque
741 829 841 905 enim
868 832 1059 928 opiniones
1086 835 1153 906 fin-

30 943 153 1042 gebat
179 947 218 1015 et
244 941 290 1016 ad
317 941 381 1032 id,
408 941 508 1039 quod
535 941 582 1014 ab
610 941 681 1014 alio
709 940 896 1032 audierat,
932 947 989 1017 sui
1016 945 1155 1042 aliquid

33 1059 188 1130 timoris
215 1055 395 1130 addebat.
439 1057 522 1130 Hoc
562 1055 625 1128 ubi
657 1078 733 1129 uno
769 1064 923 1130 auctore
958 1058 1004 1132 ad
1030 1060 1154 1158 plures

31 1177 351 1271 permanaverat,
378 1161 491 1269 atque
518 1171 610 1244 alius
637 1172 698 1246 alii
725 1173 997 1265 transdiderat‚
1025 1175 1150 1274 plures

32 1294 213 1362 auctores
239 1289 316 1360 eius
341 1287 395 1361 rei
422 1287 659 1360 videbantur.
712 1287 822 1364 Civile
854 1291 1011 1386 hellum3
1031 1319 1152 1394 genus
1200 1279 1204 1290 ’

31 1403 246 1486 hominnm,
272 1404 368 1501 quod
390 1404 511 1476 liceret
535 1403 641 1476 libere
652 1402 810 1495 facere,
843 1418 877 1476 et
901 1410 1020 1502 sequi,
1058 1407 1155 1506 quod

34 1521 167 1604 vellen
192 1521 348 1618 legiones
374 1542 458 1606 eae,
485 1543 575 1615 quae
601 1521 721 1615 paullo
755 1533 837 1593 ante
861 1523 960 1619 apud
982 1523 1151 1598 adverso-

31 1642 112 1709 rios
122 1635 301 1729 fuerant;
326 1659 410 1704 nom
435 1638 544 1704 etiam
558 1709 561 1716 ,
576 1633 740 1728 Caesaris
766 1629 973 1730 beneficium
994 1651 1152 1712 mutave-

31 1763 93 1823 rae
118 1747 352 1832 consuetudo,
379 1772 451 1844 quo
476 1747 689 1844 offerrentur
713 1753 910 1845 municipio
947 1753 1055 1822 etiam
1096 1751 1155 1822 di-

32 1867 148 1939 versis
171 1861 333 1956 portibus
360 1865 575 1934 coniuncta:
602 1887 722 1960 neque
749 1864 847 1934 enim
872 1887 919 1934 ex
941 1865 1074 1936 Marsis
1091 1864 1153 1936 Pe·

33 1977 222 2080 lignisque
241 1977 462 2066 veniebant,
489 1975 621 2073 utqui
648 1980 836 2075 superiore
863 1985 974 2052 nocte
999 1982 1038 2052 in
1064 2004 1153 2052 con-

33 2093 236 2183 tuberniis,
257 2091 605 2187 commilitonesque
622 2089 790 2183 nonnulli
809 2095 1154 2192 graviores-sermo·

33 2234 102 2282 nes
117 2208 280 2282 militurn
296 2205 409 2307 vulgo
425 2205 552 2278 durius
567 2205 818 2303 accipiebant:
839 2203 1016 2276 nonnulla
1036 2207 1152 2278 etiam

35 2323 82 2396 ab
110 2323 175 2413 iis,
198 2323 261 2420 qui
282 2320 531 2420 diligentiores
551 2318 670 2394 videri
690 2316 887 2406 volebant,
903 2317 1153 2416 fingebantur.

357 387 437 447 ers.
468 373 513 446 ir.
556 391 647 449 use.
684 391 860 487 27-29.

69 2609 157 2678 Atque
185 2614 212 2660 in
240 2610 340 2658 eastris.
370 2605 438 2658 Hinc
465 2603 561 2674 cepitis
626 2619 686 2652 num
700 2639 707 2663 ,
722 2606 761 2651 eui
779 2599 833 2664 (sic
850 2597 898 2668 leg.
916 2607 1003 2652 ortum
1020 2617 1052 2652 ex
1069 2605 1149 2670 quot,

36 2679 167 2738 initium,
192 2693 247 2728 non
272 2672 307 2726 ab
330 2672 390 2726 Hac
412 2672 469 2724 leals.
492 2683 560 2722 orat.
627 2687 682 2720 uon
699 2670 786 2737 qnod)
803 2669 889 2718 liceret
906 2667 984 2720 libere
993 2667 1083 2736 sterere
1098 2677 1150 2722 etc.

34 2747 134 2799 Nostro
157 2756 234 2810 atque
252 2758 445 2812 nonnunquam
467 2748 507 2790 est
523 2751 560 2788 at.
627 2735 741 2788 Demnm
766 2735 838 2804 quod
865 2736 921 2786 sint
949 2735 1010 2784 illue
1036 2735 1146 2804 legiones

34 2823 66 2864 nt
84 2811 118 2865 G.
138 2821 169 2877 l,
187 2815 227 2862 2⁵.
245 2807 286 2858 lta
303 2807 347 2860 hic
362 2807 438 2860 codd.
457 2815 483 2857 et
500 2803 560 2857 edd.
627 2811 676 2856 etc.
712 2803 777 2864 Sic.
794 2804 844 2854 etsi
861 2803 898 2853 sit
914 2801 1027 2870 abrupte
1045 2805 1129 2855 oratio
1142 2821 1166 2865 ,a

34 2889 100 2932 vett.
123 2878 213 2930 Proat
225 2873 301 2937 codd.
315 2875 394 2926 etism
406 2873 562 2941 danturque
627 2869 677 2922 hec
701 2879 779 2922 tenus
804 2878 844 2922 set
872 2869 940 2922 clara
969 2873 1039 2929 erit,
1066 2868 1167 2923 iudice«

35 2947 69 3000 G,
86 2953 100 2997 5
110 2981 120 3013 ,
139 2949 179 3001 23.
197 2942 276 2996 Cont'.
294 2952 321 2994 et
337 2941 442 2994 Ernesti
460 2941 488 2991 in
501 2937 559 2990 lud.
626 2935 696 2990 oud.
714 2936 822 3005 Reliqun
841 2953 896 2988 non
914 2938 952 2988 itu
968 2933 1046 2990 facile
1066 2937 1168 2989 senari·
1206 2963 1207 2969 =

34 3013 89 3066 Cic.
108 3021 136 3066 et
151 3012 228 3065 misc.
253 3009 318 3065 ons.
336 3007 394 3061 Vol.
414 3017 437 3071 l.
456 3025 482 3077 p.
505 3011 559 3057 115.
627 3011 760 3075 poterunt.

34 3081 106 3134 Male
130 3099 187 3151 ergo
209 3077 236 3129 h.
253 3077 272 3130 l.
293 3075 331 3130 Μ.
348 3075 444 3128 Brutus
468 3075 561 3144 posuit

34 3153 117 3218 atqup·
136 3145 202 3200 sap·
222 3154 248 3197 et
264 3145 331 3214 vulg·
355 3155 392 3193 a&
660 3095 781 3150 Caesaris
799 3091 967 3162 beneficium,
986 3113 1038 3172 qno
1060 3116 1088 3148 ca
1111 3107 1150 3150 [05

626 3163 736 3220 Corfinii
747 3171 867 3215 servarat·
882 3161 924 3212 Cf.
947 3178 979 3222 r,
996 3163 1035 3213 25.
1052 3115 1151 3214 Cellnr'.

67 3233 179 3282 incessit.
196 3227 258 3280 Post
275 3225 325 3279 hoc
340 3224 450 3278 verbum
462 3222 504 3275 vel
515 3221 560 3278 ed-

37 3296 170 3357 (lendum,
186 3294 229 3347 vel
245 3287 448 3362 intelligendum
466 3289 561 3344 saltem

34 3375 74 3417 est
93 3367 200 3414 animos.
217 3361 255 3412 M.
273 3359 369 3412 Noster
386 3355 503 3412 absolute
521 3359 560 3410 sic

35 3441 61 3482 et
84 3430 159 3482 alibi.
182 3429 215 3482 V.
238 3429 268 3480 C.
295 3425 324 3490 3,
347 3435 379 3491 44
404 3436 430 3478 et
455 3441 509 3476 ror.
533 3431 560 3477 et

35 3499 106 3551 Hire.
125 3495 168 3549 Al.
186 3512 209 3562 7.

67 3592 138 3642 eslius
155 3589 202 3642 ulii
212 3586 401 3648 'transducat
434 3581 490 3636 Alii
506 3585 559 3636 illis

35 3661 82 3711 alii
99 3657 274 3709 tradiderant.
325 3654 413 3706 forsan
430 3653 496 3702 allus
513 3651 560 3702 alit

35 3727 212 3784 tradiderunt,
230 3731 260 3774 ut
275 3719 431 3783 slilri,alius
447 3719 495 3770 atii
504 3719 560 3789 ser·-

34 3805 95 3847 rent
111 3791 244 3842 auxilium.

68 3884 154 3940 Civile
169 3883 262 3936 bellum
279 3909 311 3920 ·-
327 3881 397 3936 Haec
420 3899 503 3950 usque
527 3879 560 3932 ad

35 3955 117 4008 finem
131 3953 225 4022 capitis
238 3949 330 4002 multis
339 3947 424 4001 modis
434 3957 560 4016 conrupta

36 4030 112 4080 sunt,
131 4037 178 4070 uec
202 4015 324 4070 videntur
347 4017 452 4069 restitui
477 4032 559 4084 posse.

36 4089 208 4142 Coniecturae
231 4083 297 4136 bene
319 4083 432 4144 multas,
455 4081 487 4133 de
512 4081 561 4134 hoc

626 3230 692 3299 Ergo
717 3229 869 3280 conseretudo
893 3239 976 3279 mutat
1004 3229 1150 3298 beneficium

626 3293 794 3367 significabit,
812 3297 890 3354 lecit,
902 3305 930 3346 nt
943 3295 1059 3348 vilescat.
1072 3296 1148 3348 (liae-

625 3365 716 3418 conius
734 3361 830 3416 meluit
852 3365 987 3414 minuerat.
1006 3361 1048 3412 M.

659 3477 826 3546 nequeenim
852 3481 901 3525 eto.
927 3469 1032 3524 Malunt
1056 3469 1151 3522 critici

626 3559 735 3612 uanaque
751 3546 817 3593 enim
829 3559 862 3590 et
878 3539 918 3590 M.
928 3539 960 3589 P.
972 3539 1103 3589 veniebant
1114 3541 1149 3598 ι’ἱ,

626 3617 670 3730 gul
687 3619 737 3664 etc·
772 3609 812 3660 De
830 3606 1002 3677 sequentihus
1026 3616 1053 3656 et
1077 3604 1163 3656 omni<

647 3697 676 3731 oc
693 3675 751 3730 loeo
773 3693 798 3726 v.
821 3675 892 3727 Ourl.
916 3674 964 3744 qui
989 3676 1164 3724 coniectores.
1249 3687 1252 3694 ’

626 3747 757 3798 variorum
773 3743 859 3794 refert.
878 3741 938 3791 letis
955 3739 1094 3808 adiungere
1112 3737 1165 3791 ln·¹

627 3811 718 3865 hetin
750 3812 851 3862 niueam
869 3808 932 3859 satis
955 3805 1065 3866 lurinir,
1084 3823 1164 3876 quse*

626 3881 664 3932 sic
682 3878 715 3929 ha
726 3875 773 3930 et:
794 3875 875 3928 Civile
896 3875 1002 3933 bcllrrm;
1023 3877 1165 3942 eugenium·

627 3945 770 4012 homnem,
782 3959 857 4013 quum
869 3943 956 3993 licerer
972 3941 1050 3990 libere
1059 3941 1152 4009 joser-e

627 4017 740 4082 esseque*
774 4011 824 4061 uod
841 4009 946 4069 vellem
964 4009 1076 4076 legiones
1093 4023 1165 4064 eae,-

627 4098 693 4150 quae
815 4089 875 4127 ante
897 4077 964 4143 apud
986 4074 1166 4122 adversarios·

35 4155 96 4210 loco
120 4152 280 4224 propositas,
302 4169 451 4203 enumerare
471 4147 558 4199 nolui:
620 4149 745 4219 jhesum
760 4149 832 4212 (narn
849 4147 927 4193 etr'nm
946 4143 1067 4192 Caesaris
1082 4139 1156 4188 bens·

35 4242 99 4276 nam
112 4221 158 4272 vix
168 4226 382 4289 possuntomnes
394 4215 559 4288 probari.M.
623 4215 712 4286 ficium
735 4217 862 4263 ηιὶηιιεηιε
886 4208 1037 4259 consuetedo
1065 4205 1152 4273 conje-

35 4289 137 4342 licddit
153 4285 267 4338 rationes
280 4284 372 4338 Caesar
385 4283 560 4340 confusionis,
628 4281 721 4340 render
734 4281 869 4345 nwnieipe'·
881 4279 958 4326 eeiam
969 4275 1081 4324 adversis
1091 4289 1164 4340 parv

36 4375 105 4478 grune
117 4362 174 4406 erut
187 4353 214 4403 in
226 4353 317 4404 castris
332 4352 462 4404 Curionis.
481 4347 562 4412 Civile

51 4424 143 4482 ellum,
161 4419 223 4474 dein
245 4411 315 4492 qudd
331 4420 368 4472 sit
380 4437 459 4490 geme
476 4417 561 4470 homi-

628 4349 692 4398 tibus
715 4351 859 4405 conionum
877 4343 1009 4412 (plerique
1030 4343 1096 4389 enim
1117 4355 1151 4388 ex

627 4415 726 4468 lllnrss's
742 4413 906 4483 Pelignisque
920 4409 1072 4471 cremonen:
1085 4409 1150 4478 juga
