2986 5268
367 419 446 482 nm.
481 419 550 480 vn.
585 421 677 482 our.
717 387 892 513 55-257.

1073 421 1168 518 279

44 629 124 712 rat,
154 622 397 696 vehementer
423 621 592 696 timebat
620 623 775 720 ltaque,
800 619 1001 694 admodum
1022 627 1169 724 maguis

43 739 185 810 diurnis
212 745 325 835 atque
354 737 547 810 nocturnis
572 736 769 810 itineribus
800 736 1001 824 confectis,
1029 744 1164 810 contra

44 853 215 923 omnium
242 851 455 949 opinionem
482 849 527 922 ad
561 851 723 952 Ligerim
760 851 957 949 pervenit;
994 850 1164 948 vadoque

43 997 109 1069 per
137 971 279 1067 equites
307 968 487 1057 invento,
514 993 581 1066 pro
608 970 660 1042 rei
689 971 910 1042 necessitate
937 969 1167 1067 obportuno,

46 1094 88 1159 ut
115 1085 270 1158 brachia
297 1083 409 1156 modo
445 1092 559 1180 atque
588 1085 730 1157 humeri
759 1084 805 1156 ad
825 1086 1038 1158 sustinenda
1058 1113 1163 1160 arma

41 1198 148 1272 liberi
179 1198 225 1270 ab
246 1222 342 1296 equa
374 1223 451 1270 esse
486 1205 660 1297 possent,
686 1199 863 1295 disposito
891 1201 1079 1296 equitatu,
1098 1203 1162 1297 qui

43 1319 124 1390 vim
152 1313 314 1388 fluminis
339 1313 578 1413 refringeret,
609 1320 720 1413 atque
753 1317 921 1388 hostibus
949 1320 1068 1415 primo
1100 1315 1163 1388 od-

44 1440 177 1532 spectu
197 1429 448 1532 perturbatio,
465 1427 678 1506 incolumen
698 1435 906 1506 exercitum
933 1435 1167 1508 transduxit:

47 1550 357 1643 frumentumque
375 1545 413 1616 in
433 1546 529 1642 agris
549 1551 587 1618 et
606 1549 748 1644 pecoris
775 1549 921 1646 copiam
940 1553 1089 1638 nactus,
1109 1574 1169 1621 re·

43 1666 148 1764 pleto
171 1665 214 1738 iis
233 1662 344 1738 rebus
367 1661 555 1750 exercitu,
585 1661 660 1736 iter
690 1663 729 1736 in
761 1664 927 1738 Senonas
958 1663 1078 1738 facore
1110 1667 1169 1738 in-

49 1780 188 1852 stituit.

93 1894 156 1984 57.
184 1893 282 1966 Dum
302 1889 394 1966 haec
414 1889 512 1990 apud
532 1893 725 1966 Caesarem
744 1899 948 1994 geruntur,
976 1886 1163 1968 Labienus

43 2035 85 2082 eo
114 2009 398 2109 subplemento‚
425 2007 524 2105 quod
553 2033 669 2108 nuper
696 2034 742 2082 ex
769 2009 875 2082 ltalia
910 2019 1087 2102 venerat,
1106 2038 1166 2084 re·

41 2121 134 2198 licto
160 2121 359 2223 Agendici,
387 2127 431 2194 ut
455 2129 551 2196 esset
569 2123 829 2222 inpedimentis
850 2125 1056 2220 praesidio,
1075 2151 1164 2200 cum

43 2248 206 2340 quatuor
230 2237 436 2338 legionibus
449 2239 639 2311 Lutetiam
670 2239 929 2337 proficiscitur.
957 2241 999 2312 ld
1018 2247 1074 2313 est
1094 2234 1164 2340 op'-

43 2357 174 2455 pidum
198 2354 449 2444 Parisiorum,
465 2355 627 2453 positum
645 2354 683 2425 in
704 2352 823 2443 insula
841 2351 1002 2426 fluminis
1017 2355 1167 2450 Sequa-

43 2496 124 2542 nae.
149 2469 262 2542 Cuius
289 2469 454 2542 adventu
480 2468 526 2540 ab
555 2467 722 2540 hostibus
741 2469 913 2566 cognito,
934 2491 1090 2568 magnae
1109 2493 1157 2541 eu

41 2583 220 2654 finitumis
265 2583 481 2656 civitatibus
516 2583 644 2681 copiae
685 2587 964 2655 convenerunt..
999 2583 1158 2654 Summa

42 2701 186 2797 imperii
219 2697 425 2772 transditur
442 2697 697 2796 Camulogeno
723 2697 904 2788 Aulerco,
932 2698 1017 2795 qui,
1043 2721 1159 2796 prope

44 2817 238 2890 conlectus
252 2819 397 2902 aetate,
410 2821 536 2886 tamen
556 2821 709 2912 propter
722 2813 948 2918 singularem
967 2816 1163 2888 scientiam

42 2931 92 3003 rei
120 2929 290 3002 militaris
310 2927 356 3000 ad
376 2951 462 3000 eum
484 2933 540 3002 est
560 2930 738 3000 honorem
764 2937 957 3004 evocatus.
986 2931 1020 3002 ls
1041 2955 1158 3028 quum

43 3049 209 3120 animum
238 3043 484 3134 advertisset,
506 3050 738 3143 perpetuam,
753 3071 829 3118 esse
850 3047 1041 3144 paludem,
1064 3073 1161 3144 qnae

43 3159 215 3234 influeret
232 3161 271 3232 in
296 3161 505 3255 Sequanam
526 3167 639 3255 atque
653 3159 758 3232 illum
774 3185 923 3232 omnem
942 3159 1069 3234 locum
1086 3187 1165 3234 ma⁴

42 3297 201 3374 gnopere
231 3273 439 3372 inpediret,
466 3275 526 3346 bic
549 3275 717 3348 consedit
743 3281 963 3373 nostrosque
992 3277 1154 3349 transitu

42 3390 238 3486 probibere
261 3387 439 3460 instituit.

42 3547 110 3596 lieno
123 3573 155 3584 -
169 3544 279 3596 rbnebat.
313 3539 349 3592 Et
371 3542 408 3593 sie
431 3538 562 3610 metaphr.
664 3541 773 3592 timebat.
807 3541 852 3595 Sir
869 3559 960 3594 ornnes
978 3539 1052 3594 oodd.
1088 3541 1157 3606 Erqn

42 3614 87 3666 Gr.
112 3613 194 3668 ιἰκὸντι
216 3619 327 3680 baslensis
345 3609 429 3667 dotale.
470 3610 499 3661 si
517 3607 563 3678 qui
631 3607 914 3678 vulgetumfflupidat,
929 3617 968 3661 est
985 3627 1017 3659 ex
1034 3610 1155 3660 emenda-

42 3681 113 3732 codd.
130 3677 230 3732 habent
246 3676 378 3740 adiuncto,
391 3673 419 3727 id
432 3707 437 3724 .
451 3677 490 3726 uis
508 3693 562 3724 uon
631 3677 704 3728 tione
728 3677 914 3738 recentiorum,
932 3686 962 3728 ut
983 3675 1073 3746 paullo
1095 3686 1162 3727 unte

43 3747 113 3798 videt
135 3747 270 3800 detortum
295 3763 349 3796 esse
372 3761 404 3795 er
457 3737 565 3801 iuncto?

43 3813 97 3866 llrli
133 3834 162 3868 ee
179 3815 327 3873 varietates,
346 3811 446 3862 advioto
464 3809 494 3860 L.
518 3816 563 3860 aut

43 3900 58 3929 α
69 3881 96 3931 [Α
121 3887 192 3946 ienn,
206 3889 251 3932 aut
267 3880 302 3932 ad
321 3877 457 3930 Labienum
470 3895 502 3927 ue
517 3893 563 3926 un⁴

43 3950 125 4000 notari
150 3945 258 4028 quidem
283 3955 424 3999 merentur.
476 3939 562 4006 Vulgo

44 4017 142 4086 adtingi
159 4033 186 4066 ιιι
204 4013 263 4066 edd.
289 4022 424 4134 receptum
448 4019 495 4062 est.
522 4009 561 4060 M.

44 4080 131 4136 Morus
148 4081 288 4134 lectionem
303 4081 344 4134 0u
364 4081 413 4130 ‚in
425 4087 498 4131 textu
514 4095 562 4129 ser·

45 4158 127 4216 rerat3
145 4148 284 4201 reiieiunda
301 4158 368 4206 erat,
386 4147 471 4199 reieci.
493 4145 561 4197 Vide

44 4224 130 4268 notatu
147 4215 181 4268 sd
198 4233 255 4286 cep-
273 4236 301 4268 se
321 4253 327 4266 .

74 4296 149 4352 atque
165 4287 197 4334 iis
213 4235 358 4354 legiorudus.
375 4281 416 4334 Cf.
427 4301 449 4334 c.
462 4277 502 4347 34.
515 4279 561 4334 ubi

45 4359 152 4417 quatuor
173 4347 286 4419 legiones
304 4353 331 4402 in
353 4351 470 4404 Senones
492 4349 561 4402 Puri-

45 4435 142 4540 qqrsqup
174 4417 306 4538 dqpendue
335 4417 452 4473 Labieno
485 4417 560 4472 detor

72 4503 122 4535 cun
137 4505 172 4538 ur.
227 4521 232 4534 .

631 3742 744 3814 qdiungi.
763 3746 805 3797 M.

663 3877 833 3948 subplementa
842 3879 928 3930 relicto
939 3877 1068 3947 Agendicr'.
1088 3875 1155 3944 Ergo

630 3945 736 4004 Caesar,
750 3946 784 3998 ud
796 3945 910 4012 Ligerim
928 3961 1046 4004 versans,
1061 3945 1156 3994 nescie-

630 4009 690 4073 bat,
708 4011 872 4074 Labienum,
897 4009 931 4064 nb
956 4031 986 4064 eo
1010 4019 1154 4070 remotum,

629 4079 763 4152 reliquisse
788 4080 914 4148 Agendici
939 4081 1073 4148 copiarum
1116 4097 1155 4129 ar-

629 4155 699 4214 tem3
718 4167 802 4219 neque
823 4145 888 4198 adeo
911 4147 998 4216 potuit
1020 4097 1153 4212 Agendioo

629 4217 735 4274 timore,
761 4224 791 4268 ut
815 4215 969 4266 Ciuccouius
992 4231 1015 4266 c.
1044 4215 1073 4262 56
1101 4211 1151 4282 legi

628 4281 722 4334 veluit.
744 4283 785 4335 M.

645 4422 774 4498 'animum
791 4418 948 4483 adon-inser.
985 4413 1041 4469 Atii
1057 4413 1153 4466 ariow-

628 4495 707 4542 risset.
