3000 5268
364 394 461 494 214
564 395 570 408 '

731 405 785 463 DE
821 405 955 464 BELLO
989 407 1109 464 cuin.

362 631 407 678 ne
423 631 494 704 qua
511 603 646 677 oriatur
661 607 832 703 pecuniae
852 605 1050 704 cupiditas,
1070 631 1140 703 qua
1166 629 1211 676 ea
1237 627 1276 676 re
1286 601 1449 697 sactiones

361 719 665 818 dissensionesque
691 732 908 804 nascuntur,·
933 735 974 791 ut
1001 709 1116 790 animi
1144 721 1317 814 aequitate
1337 716 1447 810 plebem

361 837 583 921 contineant,
601 855 711 932 quum
735 861 821 906 suas
846 839 995 934 quisque
1012 859 1094 932 opes
1112 857 1195 905 cum
1216 833 1448 928 potentissimis

361 951 510 1046 aequari
534 949 658 1024 videat.

412 1064 473 1136 23.
500 1055 709 1139 Civitalibus
741 1066 902 1134 maxima
932 1063 1011 1136 iaus
1042 1075 1113 1152 cst,
1143 1087 1251 1160 quam
1281 1061 1448 1132 latissimas

359 1183 498 1251 circum
515 1205 553 1253 se
571 1183 717 1258 vastatis
731 1174 874 1274 finibus
899 1179 1107 1252 solitudines
1133 1179 1272 1252 totae.
1298 1179 1374 1249 Hoc
1385 1203 1449 1275 pro

356 1297 480 1388 prium
511 1297 652 1368 virtutis
682 1297 913 1383 existimant,
945 1295 1113 1393 expulsos
1148 1297 1252 1390 agris
1281 1289 1448 1387 finitumos

359 1406 500 1496 cedere,
516 1431 626 1505 neque
644 1432 855 1505 quemquam
868 1433 978 1505 prope
992 1407 1122 1480 audere
1140 1411 1331 1478 consistere
1341 1435 1351 1474 :
1363 1404 1451 1474 simil

359 1517 428 1588 leuc
444 1544 483 1590 se
490 1520 576 1610 sore
602 1527 748 1594 tutiores
774 1523 1014 1610 arbitrantur,
1031 1527 1233 1620 repentinae
1260 1522 1449 1590 incursionis

358 1635 486 1702 timore
509 1634 656 1704 sublato.
698 1635 816 1734 Quum
842 1637 970 1708 bellurn
996 1641 1121 1708 civitas
1146 1647 1209 1704 aiit
1235 1635 1381 1705 inlatum
1402 1633 1450 1701 de·

344 1743 494 1836 seadit,
521 1759 585 1816 aut
610 1747 740 1841 insert:
759 1755 1020 1848 magistratus,
1037 1754 1100 1848 qui
1124 1753 1158 1821 ei
1181 1749 1269 1820 bello
1292 1753 1451 1844 praesint,

358 1875 399 1934 ut
425 1868 516 1936 vitae
541 1870 706 1962 necisque
731 1867 882 1938 habeant
909 1879 1132 1963 patenam,
1157 1865 1375 1962 deliguntur.
1419 1861 1450 1930 lii

355 2003 446 2077 pace
471 1980 590 2050 nullus
615 1994 669 2052 est
693 1987 890 2052 communis
916 1985 1171 2080 magistratus,
1197 1982 1264 2052 sed
1287 1983 1450 2077 Principes

358 2101 547 2192 regionum
572 2111 677 2195 atque
698 2123 877 2196 pagorum
890 2101 995 2169 -inter
1020 2123 1103 2170 suos
1132 2104 1188 2170 ius
1221 2099 1364 2189 dicunt,
1387 2125 1452 2168 con·

357 2217 617 2310 irooersi'osqae
642 2219 819 2284 minuunt.
871 2213 1077 2284 Latrocinia
1103 2217 1239 2286 nullam
1266 2217 1388 2288 liabent
1410 2221 1454 2285 i'n·

340 2330 527 2424 finniom,
541 2356 631 2428 quae
648 2346 751 2403 entra
766 2323 865 2422 fines
883 2335 1054 2426 cuiusque
1070 2335 1224 2406 ci'citatis
1230 2329 1355 2428 finiit,·
1366 2347 1453 2430 iitipu

355 2471 398 2518 en
413 2451 603 2519 iuventutis
628 2445 846 2516 exercendae
863 2471 906 2512 ac
925 2443 1082 2516 desidiae
1106 2449 1320 2520 minuendae
1339 2471 1450 2518 caussa

343 2557 436 2656 ficri
455 2557 676 2656 praedicant.
745 2561 881 2653 Atque,
908 2557 971 2630 ati·
993 2563 1074 2656 epicis
1100 2586 1147 2634 ea
1172 2563 1397 2658 Principibus
1420 2565 1448 2630 ia

354 2672 502 2744 concilio
529 2673 642 2756 dixit,
669 2695 708 2742 se
732 2671 857 2742 dorem
871 2671 989 2764 sore,
1013 2680 1077 2771 qiii
1098 2681 1200 2772 sequi
1224 2679 1358 2760 uelint,
1382 2700 1451 2772 pia·

343 2785 546 2885 fiteantur3
571 2801 793 2884 consurgunt
818 2794 861 2870 ii,
888 2795 1008 2886 quiet
1038 2815 1203 2862 antissam
1228 2807 1263 2864 et
1289 2793 1450 2864 homiaem

351 2901 502 3000 probant
526 2927 700 2998 suumque
724 2907 901 2972 oaei‘ttom
924 2905 1135 3000 pollicentur
1165 2921 1271 3003 atque
1300 2907 1344 2978 ab
1371 2905 1450 2975 mid·

355 3013 507 3086 titudine
531 3015 811 3086 coiilaudontur:
837 3021 900 3114 qui
924 3043 970 3088 eac
994 3021 1040 3089 iis
1066 3024 1180 3092 secuti
1203 3045 1275 3090 non
1301 3034 1399 3107 sunt,
1421 3021 1450 3086 iii

354 3131 572 3206 desertonan
597 3153 641 3199 ac
663 3130 888 3230 proditorum
912 3155 1057 3204 numero
1083 3145 1263 3206 ducantur
1293 3140 1451 3206 omnium·

353 3471 545 3526 Germanorum
562 3471 759 3525 mansiunculas
770 3473 825 3525 sire
836 3491 876 3524 ce·

351 3558 394 3592 sus
410 3539 518 3592 exhibet
535 3541 657 3592 columna
674 3536 810 3592 Auloniua
828 3542 875 3591 llo·

352 3625 417 3660 mne·
456 3609 567 3676 Virgcns
585 3608 701 3658 lectitare
722 3627 795 3658 uisas
813 3607 874 3658 tiri·-

352 3687 459 3732 tuaaos,
485 3677 562 3726 retest
588 3673 730 3728 losnundes
758 3673 791 3726 de
819 3674 873 3726 reb.

352 3743 413 3794 Get.
431 3760 453 3792 c.
473 3757 495 3790 2.
563 3739 569 3748 “

385 3809 525 3859 latissimas
541 3807 690 3858 solitudines
707 3807 807 3860 licitere.
830 3807 873 3860 Cf.

313 3871 317 3888 ¹
350 3884 380 3940 4,
399 3873 423 3924 3.
441 3877 479 3924 Μ.
497 3874 553 3926 Alii
570 3875 700 3926 latissime.

384 3961 463 4010 aeque
479 3961 628 4011 quemquam
662 3961 730 4010 ropc.
754 3942 807 3993 Alii
825 3941 874 3994 nil-

350 4009 420 4062 duut
437 4027 476 4066 se,
494 4011 585 4060 invitis
603 4028 624 4060 ci
652 4010 677 4064 d.
692 4019 718 4060 ct
731 4010 791 4062 edil.
809 4019 873 4060 vett.

383 4077 749 4147 magistratus-deliguntur.
767 4075 874 4150 Sulspli·

349 4145 388 4196 cia
406 4161 485 4204 vero,
502 4161 516 4193 c
533 4143 686 4211 magistratu
705 4143 820 4209 decreta,
838 4163 874 4196 su·

348 4209 466 4261 cri-dotes
489 4227 566 4261 uranu
589 4229 635 4261 sun
658 4229 672 4261 n
692 4211 873 4262 condemnatis

349 4284 502 4328 sumserunt
525 4277 623 4339 (¹l'acit.
641 4277 766 4329 German.
788 4297 809 4329 c.
830 4285 872 4340 7),

348 4344 377 4394 ia
398 4343 468 4412 quod
491 4351 550 4394 tuin
570 4343 673 4394 uallem
694 4345 871 4401 contumeliae

347 4412 504 4482 opinionem
520 4408 621 4466 habuit.
638 4412 680 4464 M.

974 3479 1019 3543 cpit
1036 3481 1113 3544 sequi.
1159 3476 1230 3528 Ante
1247 3483 1292 3546 qui
1309 3475 1450 3530 recentiores

941 3553 969 3590 ut
987 3545 1151 3595 inseruerant
1167 3555 1259 3597 contru
1276 3545 1352 3598 codd.
1370 3545 1408 3593 Μ.
1418 3559 1450 3590 su·

941 3607 1019 3660 stulte
1035 3610 1106 3662 oud.

974 3721 1088 3752 caussam
1106 3705 1191 3766 (rem)
1206 3703 1326 3770 pinbaiit.
1364 3701 1406 3753 Sic
1420 3697 1450 3749 di·

942 3768 1008 3820 citui·
1029 3787 1117 3820 caussa
1144 3770 1263 3820 Caesaris
1285 3783 1310 3818 et
1335 3769 1449 3837 Pompeii,

941 3836 991 3894 sic,
1009 3855 1122 3888 caussam
1141 3837 1236 3903 Populi
1253 3837 1362 3888 Roaiaiii
1377 3836 1449 3904 defin·

940 3903 1012 3960 itere,
1027 3905 1078 3964 sic,
1092 3905 1184 3956 lionam
1200 3917 1225 3954 et
1242 3906 1338 3956 mesiam
1349 3917 1448 3955 caussam

941 3977 1077 4039 suscipere,
1095 3971 1238 4042 dveinleiu.
1283 3973 1350 4026 San·
1372 3985 1447 4020 inrisu

940 4056 994 4088 uon
1018 4037 1144 4106 siguificat
1167 4055 1234 4104 tem?
1256 4039 1301 4090 scil
1323 4055 1409 4092 sensas
1425 4037 1447 4082 ie

940 4107 1058 4156 versione
1070 4115 1096 4156 ct
1108 4107 1324 4180 interpretatione
1336 4125 1365 4156 eo
1377 4101 1448 4158 redd,

940 4181 971 4223 nt
988 4172 1101 4242 intelligi
1117 4184 1203 4243 possit
1220 4175 1277 4244 ipsa
1294 4192 1341 4224 res.
1358 4171 1392 4220 M.

964 4278 1036 4350 fides
1053 4279 1204 4347 derogatur.
1222 4281 1289 4332 Bono
1306 4281 1344 4332 sic
1360 4277 1447 4328 onae

937 4347 1014 4400 eata,
1033 4347 1163 4416 plerisque
1179 4359 1205 4401 et
1222 4349 1280 4402 odd·
1298 4357 1359 4402 vett.
1374 4345 1447 4410 vulgo

938 4415 1048 4484 abrogat
1057 4433 1088 4470 .r.
