2986 5268
305 205 400 326 246
666 231 722 298 ur:
758 237 892 298 nauco
926 239 1047 328 osan.

305 453 437 535 reret,
471 473 517 520 an
544 445 702 520 defendi.
728 447 987 523 Procumbunt
1026 445 1202 520 omnibus
1232 445 1349 520 Gallis
1376 448 1416 520 ael

305 564 415 662 pedes
434 564 638 662 Bituriges,
663 589 708 636 ne
728 561 1008 661 pulcherrimam
1024 589 1136 662 propr
1151 568 1270 636 totius
1290 562 1417 636 Galliae

303 680 449 765 orbem,
481 703 571 776 quoe
602 691 636 752 et
664 678 844 775 praesidio
875 691 909 750 et
939 693 1143 750 ornamento
1177 683 1230 750 sit
1264 683 1417 765 civitati,

302 801 380 865 suis
400 795 562 865 matribus
579 793 792 868 succendere
817 807 1049 890 rogaturum
1062 793 1186 886 sorite
1204 819 1248 866 se
1265 795 1339 864 Ioci
1360 817 1420 861 no-

303 926 385 982 tura
404 909 614 1002 defensuros
633 909 790 992 dicunt,
820 908 937 1006 quod,
961 936 1073 1007 prope
1089 935 1136 982 ex
1152 909 1328 982 omnibus
1340 937 1420 1007 por·

302 1024 395 1097 tibus
410 1020 571 1122 flumine
596 1037 630 1098 rt
652 1021 783 1122 palude
808 1024 1055 1114 ci'rcmndata,
1085 1051 1201 1098 urnam
1236 1023 1368 1096 nahmi
1389 1035 1420 1094 et

297 1157 561 1244 perangustum
587 1143 736 1216 aditum.
780 1141 904 1214 Datur
938 1142 1151 1239 petentibus
1179 1143 1324 1230 venia,
1354 1139 1420 1213 dis-

302 1263 479 1336 suadente
508 1264 629 1360 primo
654 1259 986 1360 Vercingetorige,
1012 1265 1095 1358 post
1123 1260 1365 1333 concedente
1388 1263 1420 1330 et

301 1381 474 1480 precibus
502 1383 667 1476 ipsorum
696 1383 735 1448 et
762 1374 1016 1450 misericordia
1042 1375 1155 1477 volgi.
1200 1377 1421 1452 Defensores

302 1493 438 1594 oppido
465 1493 586 1566 idonei
616 1491 843 1592 deliguntur.

359 1611 415 1680 16.
446 1608 730 1705 Vercingetorix
757 1606 963 1678 minoribus
990 1609 1185 1682 Caesarem
1229 1604 1421 1678 itineribus
1459 1605 1462 1629 '

302 1727 541 1822 subsequitur
567 1731 605 1796 et
633 1723 757 1796 lucum
786 1723 917 1794 castris
952 1722 1108 1822 deligit,
1136 1723 1344 1821 paludibus
1369 1720 1420 1793 sil·

302 1841 432 1936 visque
460 1841 674 1925 munitum,
714 1838 761 1910 ab
789 1838 952 1910 Avarico
978 1837 1087 1936 longe
1116 1839 1219 1910 milia
1249 1859 1417 1938 passuum

301 1961 400 2031 XVl.
446 1957 502 2030 lbi
544 1981 608 2054 per
642 1960 763 2029 certos
798 1953 1049 2052 exploratores
1084 1955 1121 2026 in
1154 1955 1308 2056 singula
1354 1952 1418 2024 diei

301 2083 496 2176 tempora,
523 2098 619 2173 quae
647 2073 693 2144 ad
724 2073 924 2144 Araricum
952 2077 1179 2170 agerentur,
1215 2093 1416 2173 cognosce·

301 2191 398 2282 bat,
425 2199 493 2279 et,
520 2189 607 2288 quid
636 2188 712 2262 fieri
743 2185 882 2274 vellet,
922 2187 1156 2286 imperabat:
1193 2209 1330 2258 omnes
1356 2207 1416 2254 uo·

300 2312 396 2380 stras
424 2305 679 2404 pabulationes
707 2303 1089 2399 frumentationesque
1108 2301 1352 2388 observabat,
1370 2295 1415 2368 di·

297 2445 545 2516 spersosque,
580 2445 696 2517 quum
723 2418 869 2518 longius
905 2420 1111 2492 successario
1146 2415 1415 2515 procederent,

298 2534 558 2622 adoriebatur,
586 2560 796 2634 magnoque
823 2535 1064 2608 incommodo
1082 2533 1303 2606 adficiebat:
1331 2529 1415 2610 etsi,

298 2655 483 2746 quantum
511 2649 656 2721 ratione
685 2649 869 2748 provideri
900 2655 1077 2748 poterat,
1117 2648 1163 2720 ab
1192 2647 1333 2719 nostris
1359 2665 1414 2712 oc·

298 2765 553 2848 currebatur,
592 2771 635 2838 ut
661 2767 813 2838 incertis
841 2765 1071 2866 temporibus
1097 2764 1329 2858 diversisque
1355 2753 1413 2826 iti-

299 2882 450 2953 neribus
477 2883 603 2954 iretur.
936 2961 937 2966 ἵ

355 3015 414 3086 17.
440 2995 579 3066 Castris
607 2994 652 3065 ad
680 3019 761 3066 earn
790 3001 933 3094 partem
952 2993 1075 3094 oppidi
1096 2993 1244 3092 positis,
1273 2991 1412 3068 Caesar,

298 3135 393 3207 quae
419 3113 627 3184 intermissa
655 3137 676 3183 a
703 3110 856 3184 flumine
883 3119 921 3184 et
949 3139 969 3183 a
998 3114 1130 3209 palude
1159 3110 1337 3195 aditum,
1372 3105 1409 3172 ul

297 3251 408 3326 supra
436 3227 626 3314 diximus,
653 3233 853 3326 angustum
880 3227 1070 3315 habebat,
1098 3250 1273 3326 aggerem
1302 3221 1410 3317 adpa-

295 3369 408 3434 rare‚
437 3345 562 3416 vineas
589 3367 728 3440 agere,
753 3350 875 3416 turres
902 3342 994 3415 duas
1021 3347 1250 3415 constituere
1272 3337 1410 3434 coepit:

297 3483 388 3531 nam
406 3459 692 3530 circumvallare
711 3457 781 3529 loci
803 3465 935 3530 natura
956 3460 1187 3556 prohibebat.
1210 3459 1260 3530 De
1280 3481 1319 3528 re
1347 3451 1410 3521 fru-

297 3577 481 3647 mentaria
510 3577 619 3646 Boios
646 3581 759 3672 atque
787 3575 934 3647 Aeduus
959 3577 1146 3649 adhortari
1168 3601 1240 3648 non
1262 3570 1408 3648 destitit:

298 3717 460 3790 qnorum
487 3692 617 3779 alteri,
638 3691 738 3788 quud
760 3690 860 3762 nullo
880 3693 1004 3764 studio
1024 3695 1206 3792 agebant,
1225 3717 1297 3764 non
1317 3680 1407 3761 mul·

298 3811 383 3881 tum
411 3807 668 3894 adiurabant3
713 3805 820 3880 alteri
846 3831 922 3879 non
963 3812 1107 3910 magnis
1149 3808 1405 3881 facultatibus.

327 4195 391 4250 pars
407 4185 553 4234 irusrmr'sso
574 4203 590 4235 a
598 4185 712 4254 flumas
733 4205 750 4238 a
765 4185 818 4254 pol.
887 4205 940 4240 aon
961 4193 1015 4240 arat
1043 4185 1143 4242 flumen
1161 4196 1187 4240 et
1215 4185 1296 4260 palus.
1321 4181 1357 4236 Cl-
1383 4193 1401 4226 C·

297 4273 351 4312 nou
379 4259 493 4316 obducta
520 4263 592 4316 uum.
628 4273 656 4318 ot
689 4265 740 4338 p'al.
774 4265 820 4320 ιώί
890 4275 928 4322 15.
945 4267 987 4322 M.
1012 4259 1016 4271 ’
