3040 5264
104 509 159 616 o.
194 510 343 614 nnn
378 507 672 614 cassans
708 501 1144 612 constannens

281 844 292 866 s
370 779 432 894 ME
463 830 617 894 BELLO
648 829 872 896 cituco.

386 1252 552 1342 masa
583 1247 854 1380 stasvs

463 1575 772 1646 ARGVMENTYM.

262 1848 288 1914 Ι.
310 1847 426 1914 Bellum
449 1848 612 1935 Usipetum
632 1858 663 1914 et
683 1849 964 1914 Teaehtbetomasn.

53 1977 134 2062 (inp.
160 1977 248 2042 1-3.
272 1980 430 2040 i'ransitus
458 1981 609 2059 Usipetum
635 1991 663 2038 et
691 1981 944 2043 Tenslttlserornm
970 1984 1004 2043 in
1031 1981 1181 2044 Galliam.

95 2093 196 2134 mores
216 2075 390 2134 Suevosasm.
440 2077 469 2148 4.
491 2076 628 2156 Menapii
647 2075 787 2157 obpressi.
830 2077 859 2138 5.
881 2081 912 2142 6.
933 2077 1053 2138 Bellum
1074 2093 1182 2138 contra

99 2173 270 2232 Germanos
289 2193 309 2230 a
330 2171 459 2232 Caesare
479 2187 651 2254 susceptam.
691 2192 780 2256 7-9.
804 2175 929 2254 legatio
955 2177 1180 2235 Germanorum

94 2267 142 2329 ad
164 2269 332 2330 Caesarem.
382 2289 427 2330 ιο.
450 2271 557 2330 Mosae
576 2283 603 2328 et
624 2271 727 2330 Rheni
747 2269 916 2353 descriptio.
952 2273 1081 2333 11-15.
1101 2275 1181 2336 Per-

82 2365 179 2454 fidia
201 2367 435 2428 Germanorum.
456 2365 569 2427 clades.
585 2367 678 2447 saga.

260 2499 300 2560 11.
322 2499 483 2562 Transitns
504 2500 638 2576 Caesaris
659 2501 691 2561 in
712 2496 918 2561 Germaniam.

52 2617 131 2700 Cap.
157 2621 203 2680 16.
229 2637 274 2698 17.
296 2621 377 2680 Pons
397 2621 431 2680 in
453 2619 557 2680 libano
579 2631 698 2680 stratus.
735 2620 781 2682 18.
800 2641 846 2702 ¹9·
864 2615 1018 2680 Adventus
1039 2614 1182 2677 Caesaris

96 2717 133 2773 in
153 2711 328 2793 Sigambris.
348 2726 479 2796 reseptos
500 2715 533 2773 in
557 2713 706 2774 Galliam.
1226 2707 1233 2715 ’

258 2845 312 2907 tlt.
333 2846 492 2909 Traiectus
513 2845 649 2910 Caesaris
669 2847 700 2908 in
723 2845 920 2908 Britanniam.

51 2961 130 3045 cap.
151 2985 199 3025 πο.
215 2985 266 3026 aa.
281 2965 450 3025 Consilium
471 2965 613 3027 Caesaris
629 2963 842 3052 proficiscendi
861 2968 893 3024 in
914 2963 1120 3024 Britanniam.
1143 2961 1181 3022 C.

97 3059 269 3122 Volusenus
281 3061 326 3122 ad
338 3062 576 3143 cognoscendum
585 3065 779 3144 praemissas.
791 3079 923 3140 22—27.
936 3061 1058 3120 Morini
1065 3060 1181 3142 pacati.

92 3157 280 3216 antecessit.
292 3157 434 3217 insulam.
445 3159 530 3238 suga
552 3158 778 3218 Britannorum.
800 3156 923 3215 deditio.
967 3156 1017 3216 nt.
1031 3175 1079 3234 29.
1096 3153 1182 3214 Clas·

91 3257 136 3313 sis
156 3255 301 3315 Romana
322 3267 489 3338 tempestate
508 3253 643 3337 adflicta.
697 3254 832 3318 30-36.
853 3253 988 3335 Deseetio
1010 3253 1180 3312 Britanno·
1274 3250 1278 3258 '

90 3371 174 3412 ram.
195 3371 300 3434 pogna
325 3373 369 3414 ex
393 3351 514 3414 essedis.
540 3351 614 3412 ultio
639 3350 678 3414 de
701 3352 870 3414 Britannis.
896 3351 1013 3412 reditus
1039 3351 1182 3413 Caesaris

91 3445 125 3502 in
148 3443 297 3504 Galliam.

255 3579 309 3642 lV.
330 3579 448 3646 Bellum
472 3579 502 3642 in
524 3579 654 3646 Morinis
674 3589 706 3644 et
724 3580 886 3664 Menapiis.

51 3701 127 3784 Cap.
148 3701 200 3780 87.
223 3701 361 3788 Perfidia
383 3705 584 3765 Morinorum.
650 3705 700 3768 38.
729 3707 870 3788 Menapii
898 3702 1179 3789 depopulationibus

91 3801 213 3860 vexati.
234 3799 408 3886 subplioatio
428 3803 557 3865 Romae.

53 4029 162 4210 Ea,
188 4144 284 4218 quae
319 4129 449 4198 secuta
477 4131 555 4216 est,
581 4124 725 4215 hieme,
751 4123 813 4223 qni
849 4123 921 4199 tuit
954 4145 1075 4198 annus
1107 4119 1177 4196 Cn.

54 4237 255 4340 Pompeio,
275 4243 327 4316 M.
348 4243 482 4318 Crasso
502 4269 597 4320 coss.
614 4243 786 4344 Usipetes
809 4243 988 4318 Germani
1017 4249 1056 4318 et
1084 4243 1179 4318 item

86 4435 136 4490 Cn.
153 4437 247 4506 Pomp.
265 4437 308 4494 M.
327 4439 372 4495 Or.
390 4441 465 4498 Coss.
482 4441 532 4498 ist
548 4461 633 4502 annus
650 4443 680 4499 P.
698 4443 732 4500 V.
751 4443 782 4499 C.
800 4445 860 4515 699.
876 4442 920 4498 Μ.
