3068 5260
474 325 766 388 nissuurnrlo.
838 278 841 302 1
1099 331 1183 404 xxi

64 521 313 614 abundabat,
340 523 580 626 scriptorum.
619 531 704 606 Hoc
730 531 845 604 etiam
871 534 909 604 et
943 524 1035 604 illud
1061 531 1186 606 refero

64 687 99 734 c.
128 685 209 759 70,
233 659 334 758 quod
360 660 471 752 dicit,
496 663 663 744 Caesaris
689 663 719 735 si
746 687 822 736 non
847 661 1004 762 amplius
1021 671 1097 738 tres
1119 669 1186 738 eut

19 797 27 812 '
65 795 233 887 quatuor
260 788 398 868 milites
423 791 592 864 veterani
621 813 659 865 se
693 791 993 882 convertissent,
1028 799 1067 864 et
1105 791 1180 891 pila

64 919 211 993 viribus
238 925 415 994 contorta
439 921 479 993 in
503 918 688 996 Numidas
721 919 876 996 infestos
916 921 1184 1013 coniecissent,

68 1044 231 1144 amplius
256 1047 291 1120 ll
329 1045 476 1128 milium
502 1064 661 1126 numero
688 1043 736 1116 ad
753 1067 870 1118 unum
889 1049 996 1143 terga
1020 1047 1186 1128 vertisse.

68 1175 170 1247 Sunt
197 1175 309 1249 etiam
334 1176 373 1248 in
400 1173 561 1254 dictione
589 1173 771 1274 plurima,
796 1199 891 1275 quae
917 1199 1028 1250 nemo
1042 1141 1187 1278 peritus

68 1305 206 1378 barum
232 1326 358 1376 rerum
387 1327 519 1383 consor
545 1303 591 1375 ad
618 1303 784 1392 Caesaris
811 1309 972 1388 aetatem
997 1305 1191 1380 retulerit:

39 1457 155 1530 pesp.
188 1457 231 1504 ra
254 1433 402 1532 galeati.
456 1433 542 1504 Non
570 1453 630 1504 me
656 1429 753 1531 fugit
778 1429 888 1516 illud,
924 1432 987 1506 sed
1027 1439 1191 1532 poetaes

67 1565 256 1662 galeatum
281 1587 360 1637 sero
387 1563 498 1636 duelli
516 1565 683 1659 poenitet.
712 1562 750 1637 S.
766 1549 984 1657 Hieronymi
1000 1563 1185 1665 Prologus

72 1685 242 1788 galeatus
268 1689 383 1772 serior
410 1695 476 1763 est.
503 1690 594 1788 Gap.
621 1689 665 1762 31
697 1693 822 1786 agnota
848 1695 1003 1786 peooa'ta
1021 1688 1193 1790 legimus,

74 1814 212 1909 quibus
237 1814 515 1913 ignoscebatur,
541 1813 631 1914 Cap.
655 1839 711 1911 19·
729 1815 1009 1888 immnerabtlte.
1027 1816 1185 1919 Cap.·46

75 1951 317 2024 muomhiliter
341 1954 531 2044 interjecti.
556 1949 753 2023 Parvulom
778 1949 984 2027 consortium
1010 1973 1091 2048 cap.
1132 1951 1193 2037 54.

74 2075 240 2151 Parvum
264 2089 461 2156 senatorem
487 2101 521 2148 o.
550 2077 611 2167 57.
640 2075 791 2172 Magno
824 2079 938 2171 oopiis
974 2067 1194 2172 auxiliisque

77 2212 182 2308 regis
202 2206 360 2304 praediti
384 2231 419 2278 c.
446 2192 505 2278 58ss
532 2203 718 2304 Suppetrbs
744 2229 931 2278 oocurrere-
968 2231 1004 2286 c,
1030 2205 1092 2288 66,
1133 2205 1195 2288 68:
1322 2227 1324 2236 ·

79 2315 173 2432 Cap.
199 2355 246 2431 77
276 2345 503 2418 commeatus.
530 2333 615 2404 Non
643 2357 666 2406 a
703 2335 833 2404 castris
872 2337 1029 2419 tamen,
1055 2331 1118 2402 sed
1146 2329 1195 2402 ad

79 2477 213 2538 castra.
252 2462 343 2560 Cep.
368 2462 418 2558 78
441 2515 452 2551 ,
475 2473 518 2546 ut
543 2459 711 2550 heberent
720 2459 943 2568 facultatem
968 2472 1106 2530 mimas
1136 2457 1198 2532 Ius

79 2595 198 2682 {iopas
224 2590 521 2687 circumfundere.
548 2588 689 2664 ibidem
715 2585 913 2689 Sotagere,
943 2587 1020 2688 ipro
1057 2590 1198 2690 proelio

80 2718 264 2800 laborare.
291 2717 381 2822 Cap.
408 2717 457 2790 88
482 2729 633 2802 urentem
659 2721 698 2787 in
708 2715 818 2818 suga
842 2716 1064 2792 destinatam.
1097 2716 1199 2789 Afri-¹

69 2853 332 2953 'canumbuuc
349 2853 591 2951 scriptorem,
610 2847 740 2945 hisque
758 2843 992 2946 temporibus
1003 2839 1202 2939 iuniorem,

83 2987 249 3082 arguunt
269 2986 327 3052 tot
342 2977 528 3051 immistae
548 2995 659 3049 voces
677 2997 832 3076 graecae
848 2979 961 3072 atque
982 2971 1201 3048 hellenismi.

83 3113 158 3205 Qui
192 3109 312 3192 mixto
348 3111 470 3178 essent
501 3128 653 3204 genere,
686 3101 860 3174 Hebrum
886 3099 1049 3200 appellat
1074 3125 1105 3174 o.
1139 3126 1197 3198 ¹9·

82 3232 345 3332 Hippotoxotos
371 3229 486 3314 habet
509 3230 598 3303 ibid.
640 3229 812 3328 Eprbatas-
849 3249 883 3300 0.
925 3251 1003 3316 20,
1029 3227 1080 3297 62
1102 3223 1203 3314 ,·63.

85 3367 353 3454 Cotaseopwn,
378 3387 415 3445 c.
440 3363 503 3451 26,
527 3362 572 3434 In
596 3363 671 3444 solo
697 3386 774 3446 esse
791 3359 878 3432 huic
893 3361 1041 3432 auctori
1065 3357 1201 3450 c.·46,
1278 3437 1282 3445 ‚

84 3499 158 3570 62.
179 3495 229 3562 63
246 3547 258 3578 ,
276 3493 500 3576 tantundem
527 3493 648 3584 velot,
667 3492 768 3590 quod
795 3491 945 3565 Graecis
981 3493 1136 3578 σαλεύειν,
1165 3497 1204 3563 et

93 3624 303 3720 transierim,
344 3630 383 3696 et
419 3621 464 3699 de
498 3623 584 3694 navi
616 3620 783 3702 dicitur,
817 3641 912 3716 quae
952 3617 1092 3689 liberae
1125 3611 1206 3688 llu-

87 3761 225 3839 etuum
264 3755 498 3827 marinorum
536 3749 733 3850 agitationi
771 3749 983 3846 exponitur.
1022 3741 1122 3828 sore
1158 3746 1203 3828 in*

87 3882 221 3964 eodem
248 3881 344 3954 libro
371 3879 442 3953 alia
461 3933 472 3970 ,
498 3899 594 3976 quas
609 3895 839 3962 coaevorum
858 3875 1029 3974 peritiam
1048 3874 1206 3973 sapiant.

88 4010 331 4111 virgiliarum
366 4011 513 4109 signum
535 4007 766 4080 -couieotum
808 4001 995 4080 memorat
1027 4009 1113 4104 post
1131 4025 1135 4036 ’
1154 4005 1210 4098 Vl

89 4143 173 4216 Kal.
199 4141 290 4215 Feb.
316 4165 350 4232 o,¹
377 4146 454 4242 47..
475 4137 548 4246 l'ro
575 4159 664 4208 vero
691 4135 833 4210 seilicet
858 4133 956 4210 illius
982 4137 1067 4209 anni
1087 4133 1209 4208 calena

93 4271 221 4370 dario,
243 4291 319 4368 quo
344 4267 455 4360 Febr,
473 4269 490 4340 l
507 4267 545 4354 in
562 4263 767 4354 Nouembr.
781 4261 913 4337 Iuliani
932 4263 1029 4350 diem
1050 4263 1104 4336 xl
1120 4285 1208 4335 com
