3028 5258
321 331 414 430 566
686 357 743 434 nr
778 357 913 434 nrum
948 335 1114 422 orum*

318 567 468 668 perant.
495 563 580 658 Qua
604 588 646 638 re
674 559 957 653 animadversa‚'
978 563 1114 638 Caesar
1133 562 1259 662 copias
1278 555 1365 638 suas
1384 560 1439 635 di·

316 679 427 770 visit,
454 685 674 780 partemque
699 679 889 782 legionum
914 681 954 754 in
980 680 1111 753 castris
1128 679 1296 777 Pompeii
1315 701 1439 750 rema-

316 817 408 868 nere
434 795 562 886 iussit,
588 803 732 895 partem
759 797 798 870 in
824 819 891 869 sua
917 802 1043 870 castra
1077 794 1240 879 remisit;
1276 797 1438 889 quatuor

316 935 446 986 secum
471 910 633 1014 legiones
660 912 768 988 duxit
795 910 1125 1011 commodioreque
1157 912 1291 984 itinere
1326 910 1437 982 Pom·

309 1030 456 1130 ¹pelanis
482 1053 679 1108 occurrere
721 1031 846 1130 coepit
877 1035 936 1120 et,
964 1051 1180 1130 progressus
1214 1026 1318 1100 milia
1354 1051 1437 1125 pas-

314 1170 427 1220 suum
454 1170 541 1237 sex,
566 1147 684 1226 aciem
711 1148 904 1222 instruxit.
957 1149 1041 1242 Qua
1075 1171 1115 1221 re
1150 1143 1438 1234 animadversa,

316 1262 534 1360 Pompeiani
564 1263 603 1336 in
630 1262 794 1364 quodam
830 1269 959 1338 monte
993 1263 1258 1356 constiterunt.
1325 1260 1438 1348 ¹Hunc

312 1381 484 1469 montem
510 1371 650 1450 flumen
676 1377 888 1452 subluebat.
937 1377 1094 1466 Caesar,
1129 1374 1267 1449 milites
1303 1372 1438 1448 cohor·

210 1549 213 1556 .
310 1501 433 1584 tatus,
461 1495 532 1567 etsi
560 1495 677 1570 totius
709 1495 781 1570 diei
808 1495 1018 1570 continenti
1044 1493 1172 1567 labore
1203 1495 1314 1566 erant
1349 1515 1439 1564 con·

310 1609 425 1702 fecti,
452 1635 601 1710 noxque
627 1615 705 1686 iam
730 1613 903 1700 suberat,
921 1617 1051 1686 tamen
1068 1611 1277 1711 munitione
1296 1605 1438 1682 flumen

312 1751 336 1799 a
361 1733 490 1802 monte
517 1727 688 1820 seclusit,
713 1754 760 1803 ne
786 1735 905 1802 noctu
931 1729 1061 1826 aquari
1094 1726 1313 1825 Pompeiani
1349 1751 1434 1824 pos·

310 1847 405 1916 seni.
466 1843 655 1936 Quoiam
694 1843 864 1942 perfecto
894 1866 1032 1942 opere,
1057 1841 1110 1916 illi
1142 1841 1188 1914 de
1219 1838 1436 1929 deditione,

310 1957 431 2032 missis
455 1957 609 2060 legatis,
635 1981 744 2059 agere
772 1963 990 2058 coeperunt.
1051 1957 1166 2032 Pauci
1194 1955 1337 2029 ordinis
1365 1956 1433 2030 Se·

312 2077 473 2168 natorii,
502 2078 566 2176 qui
597 2101 636 2150 se
671 2099 761 2150 eum
790 2076 835 2150 iis
865 2077 1165 2164 coniunxerant,
1191 2079 1306 2147 nocte
1344 2073 1435 2176 luga

308 2193 467 2268 salutem
496 2191 703 2294 petierunt.

362 2311 425 2410 98.
451 2311 588 2386 Caesar
612 2311 733 2412 prima
757 2307 842 2385 luce
873 2333 1004 2384 omnes
1036 2333 1121 2401 eos,
1152 2309 1280 2407 quiin
1304 2316 1433 2384 monte

309 2427 581 2514 consederant,
606 2450 654 2501 ex
680 2425 932 2526 superioribus
957 2425 1050 2501 locis
1074 2428 1113 2500 in
1139 2425 1337 2526 planitiem
1367 2426 1434 2501 de·

311 2540 488 2628 recudere
517 2549 632 2642 atque
660 2565 765 2614 arma
795 2541 976 2639 proiicere
993 2541 1111 2615 iussit.
1138 2539 1252 2634 Quod
1270 2539 1337 2613 ubi
1356 2541 1433 2614 sine

308 2655 544 2728 recusatione
571 2654 765 2740 fecerunt,
793 2656 981 2754 passisque
1007 2653 1166 2755 palmis,
1198 2655 1359 2754 proiecti
1386 2653 1434 2727 ad

308 2773 468 2858 terram,
494 2767 625 2844 flentes
652 2767 699 2842 ab
727 2793 772 2842 eo
797 2769 958 2844 salutem
984 2771 1197 2870 petierunl3
1216 2766 1434 2843 consolatus

309 2905 534 2984 consurgere
564 2883 672 2958 iussit
698 2890 760 2974 ei,
788 2909 908 2986 pauca
926 2884 1025 2986 apud
1044 2907 1107 2960 eos
1126 2883 1172 2958 de
1190 2881 1347 2956 lenitate
1366 2905 1434 2956 sua

307 2993 483 3086 locutus,
512 3019 588 3096 quo
619 2997 766 3073 minore
798 3009 921 3074 essent
953 3004 1108 3090 timore,
1135 3023 1266 3073 omnes
1284 3021 1436 3070 conser-

308 3115 437 3201 vavit3
465 3113 720 3214 militibusque
749 3118 823 3191 suis
852 3117 1158 3208 commendavit,
1192 3142 1238 3190 ne
1270 3117 1337 3214 qui
1373 3140 1436 3189 eo-

204 3316 208 3325 ,
308 3253 395 3304 rum
423 3229 680 3322 violarentur,
706 3233 896 3332 neuquid
922 3237 979 3308 sui
1011 3235 1278 3310 desiderarent.
1350 3235 1433 3308 Hac

290 3339 479 3459 ¹adhibita
508 3347 720 3450 diligentia,
751 3373 798 3422 ex
822 3351 954 3424 castris
980 3351 1050 3424 sibi
1080 3351 1244 3452 legiones
1262 3350 1354 3425 alias
1373 3376 1434 3424 oe·

310 3487 461 3538 currere
488 3471 529 3538 et
554 3489 640 3554 eas,
673 3489 765 3563 quas
797 3488 924 3540 secum
960 3465 1140 3557 duxerat,
1173 3468 1339 3540 invicem
1373 3491 1432 3539 re·

309 3583 501 3680 quiescere
527 3589 642 3682 atque
667 3583 708 3656 in
733 3589 858 3658 castra
887 3583 1027 3657 reverti
1061 3584 1188 3659 iussit:
1223 3583 1432 3684 eodemque

289 3700 369 3774 ·die
395 3699 583 3774 Larissam
607 3699 791 3800 pervenit.

343 3939 403 4010 Qua
419 3957 450 3992 re
466 3937 559 4006 (MSS.
578 3939 632 3992 sera
649 3957 755 3998 omes,
772 3945 835 4009 spe)
934 3940 1010 3994 ηιίὶὶι.
1039 3944 1229 3996 commendavit.
1279 3943 1325 3998 Sic
1352 3945 1430 3999 codd.

305 4009 508 4066 ,animadmm
537 4007 638 4060 came
665 4037 708 4058 -.
744 4007 836 4060 Potest
902 4026 998 4078 magno
1021 4027 1131 4064 numero
1160 4017 1205 4076 (et
1232 4009 1295 4064 edd.
1325 4017 1431 4078 reth),

308 4073 385 4156 codd.
397 4073 475 4129 lectio
493 4073 630 4144 explicam
647 4075 694 4128 sed
710 4093 766 4128 non
776 4076 835 4130 siue
902 4095 952 4129 uec
968 4075 1092 4148 adparet,
1108 4077 1178 4130 unde
1195 4079 1340 4150 inrepserit
1352 4079 1430 4132 lectio
1493 4067 1494 4130 Ῐ

308 4139 414 4194 duritie.
437 4141 480 4194 M.
503 4141 573 4196 oud.
595 4149 673 4213 putat
696 4161 741 4211 sps
761 4161 835 4195 com-
902 4142 1008 4212 rulgata
1019 4179 1028 4204 ,
1046 4145 1167 4196 militibus
1184 4150 1279 4208 iussit,
1300 4148 1368 4200 satis
1384 4147 1428 4198 ille

309 4208 408 4276 prndio
425 4209 552 4280 scripum
570 4223 619 4282 pro
635 4215 723 4279 specie.
747 4209 835 4263 Victo-
901 4209 1009 4281 indigns
1026 4211 1143 4265 Cassera
1159 4211 1198 4262 M.

309 4277 351 4326 rlo
374 4275 393 4327 l.
422 4295 444 4330 c·
471 4293 514 4343 φῦ
542 4279 663 4332 issimus
691 4277 834 4344 rodulfi&
935 4282 1035 4348 nequi·
1054 4278 1109 4336 Alli
1126 4283 1232 4348 11991113
1251 4281 1403 4332 1101191011·

309 4359 365 4392 esso
380 4341 495 4398 videtur.
519 4341 608 4398 llinis
624 4353 746 4415 argutum
762 4345 835 4399 vide·
936 4346 1059 4414 neuquid
1076 4337 1124 4398 siri.
1142 4346 1311 4400 Marclendus
1327 4365 1354 4418 p.
1369 4353 1427 4410 278.

309 4413 354 4460 tur
370 4407 399 4462 id
417 4409 540 4463 Oudend.
903 4411 948 4468 dat
964 4417 1039 4478 usui,
1056 4423 1087 4468 ut
1103 4411 1137 4470 G·
1156 4422 1188 4479 l,
1206 4427 1247 4483 29.
1264 4413 1296 4470 (λ
1312 4435 1349 4476 2,
1367 4413 1410 4468 3⁵.
