3060 5276
363 372 444 434 ors.
479 371 538 433 111.
573 373 666 434 err.
703 342 878 436 30-32.
1086 325 1176 479 5:27

416 479 421 510 ,
859 479 861 482 ,

49 571 147 647 dam
174 571 275 648 circa
301 581 472 658 montem
498 577 690 652 Amanum
716 580 897 678 acceptis,
918 603 996 654 sese
1009 581 1191 681 Impera-¹

49 691 183 762 torem
207 687 475 788 adpellaverat.
502 695 589 788 Quo
607 695 730 784 facto,
751 691 968 770 civitatibus
989 700 1191 790 tyrannis-·

48 827 130 900 que
158 828 313 909 magnas
338 807 592 908 imperaverat
609 809 807 912 pecunias:
826 813 918 884 item
932 837 954 884 a
968 812 1176 912 publicanis

49 938 147 992 suae
160 920 389 1020 ,provinciae
420 923 587 1031 debitam
612 926 752 1003 biennii
776 927 974 1026 pecuniam
989 934 1190 1030 exegerat:
1253 985 1259 996 .

48 1040 93 1110 et
119 1034 169 1110 ab
195 1035 335 1111 eisdem
360 1040 589 1140 insequentis
614 1043 702 1118 anni
717 1049 900 1118 *mutuam
935 1049 1193 1144 praeceperat·
1238 1095 1241 1142 3

49 1153 277 1252 equitesque
303 1155 380 1230 toti
392 1157 609 1255 provinciae
636 1161 901 1260 imperaverat.
935 1160 1081 1252 Quibus
1095 1187 1181 1236 coa·

49 1269 126 1340 ctis
146 1321 158 1356 ,
180 1265 363 1344 {intumis
390 1272 560 1348 hostibus
584 1275 732 1350 Parthis
758 1281 844 1376 post
857 1299 896 1349 se
915 1274 1054 1350 relictis
1075 1331 1087 1368 ,
1112 1279 1190 1376 qui·

49 1379 183 1478 paullo
192 1383 350 1458 aute'M.
364 1385 541 1462 Crassum
555 1389 827 1492 Imperatorem
844 1389 1113 1466 interfecerant
1137 1399 1178 1466 et

51 1494 110 1568 M.
137 1495 317 1572 Bibulum
331 1501 370 1571 in
396 1501 589 1578 obsidione
606 1506 835 1601 ,habuerant
851 1557 873 1596 „
888 1503 1051 1604 legiones
1078 1509 1180 1604 equi·

54 1615 191 1710 tesque
217 1629 265 1688 ex
290 1617 399 1712 Syria
415 1618 631 1698 deduxerat
651 1651 660 1693 :
688 1643 910 1719 summaque
925 1624 975 1694 ¹in
993 1620 1179 1696 sollicitu-

54 1723 215 1830 dineac
241 1729 378 1806 timore
403 1731 576 1810 Parthici
596 1735 683 1810 belli
709 1739 748 1812 in
788 1735 1025 1836 provinciam
1061 1759 1180 1834 quum
1219 1786 1222 1821 ;

52 1844 294 1932 venisset,ac
314 1850 516 1934 nonnullae
534 1851 921 1929 militum-vocestum
939 1851 1185 1950 audirentur,
1242 1843 1244 1850 ’

56 1965 168 2053 sese,
193 1970 327 2052 contra
351 1966 499 2040 bostem
526 1971 555 2042 si
583 1965 842 2060 docerentur,
870 1971 1015 2060 ituros,
1043 1976 1177 2044 contra

60 2077 185 2150 civem
207 2083 253 2157 ¹et
278 2075 480 2154 Consulem
507 2105 613 2156 arma
627 2106 702 2156 non
718 2082 863 2158 laturos
873 2111 886 2169 3
903 2084 1073 2158 deductis
1091 2083 1178 2158 Per·

56 2217 213 2294 gamum
240 2199 354 2293 atque
380 2198 419 2270 in
444 2197 756 2296 locupletissimas
796 2201 908 2272 urbes
946 2201 985 2271 in
1013 2179 1181 2283 hiberna

55 2309 288 2412 legionibus,
312 2315 496 2388 maximas
521 2313 738 2416 largitiones
765 2307 856 2390 feeit
886 2321 926 2388 et
959 2314 1192 2408 confirmate·-

56 2429 195 2510 dorum
220 2428 387 2506 militurn
412 2454 544 2512 caussa
571 2427 801 2530 diripiundas
814 2431 859 2506 iis
873 2431 1049 2504 civitates
1066 2431 1190 2508 dedit..

107 2547 353 2636 32.1nterim
381 2547 617 2624 acerbissime
643 2549 849 2647 imperatae
875 2550 1054 2648 pecuniae
1094 2555 1191 2624 tota
1221 2573 1223 2576 ·

55 2662 251 2760 provincia
276 2661 542 2764 exigebantur:
561 2661 681 2736 multa
697 2670 888 2762 praeterea
904 2663 1115 2765 generatim
1130 2661 1178 2736 ad

56 2781 257 2856 avaritiam
275 2779 600 2880 excogitabantur.
620 2781 663 2851 ln
677 2781 802 2877 capita
819 2777 967 2884 singula
981 2802 1177 2852 servorum

55 2923 101 2974 ac
135 2897 342 2980 liberorum
368 2896 557 2972 tributum
596 2893 873 2992 inponebatur:
914 2893 1192 2986 columnaria„

58 3016 240 3106 ostiaria,
266 3012 528 3101 frumentum,
554 3010 711 3100 milites,
736 3013 917 3110 remiges,
943 3037 1074 3104 arma,
1097 3021 1177 3087 tor·

55 3135 188 3204 menta
203 3183 218 3221 ,a
243 3135 419 3204 vecturae
445 3121 749 3226 imperabantur:
777 3127 885 3198 cuius
898 3127 1084 3202 modo'rei
1113 3152 1181 3200 no·

89 3371 261 3480 umor
275 3360 609 3489 lestuthiell..
650 3354 1180 3495 lambuntur

91 3503 119 3548 in
134 3499 293 3566 provocatam
310 3510 388 3563 panon
404 3498 520 3544 venisset.
559 3490 584 3542 E
650 3493 682 3542 de
698 3509 730 3542 ne
747 3491 828 3542 ullum
845 3493 986 3544 debeamus.
1013 3491 1102 3545 Barth.
1120 3493 1180 3546 Rar-

57 3565 135 3636 Syria
152 3563 226 3614 venit
242 3563 271 3614 in
300 3562 379 3612 Asiae
396 3561 507 3613 minoris
525 3577 584 3630 par·
650 3565 752 3612 rientus
769 3566 798 3610 in
823 3558 923 3612 Adnot.
942 3559 1015 3630 sylva
1035 3561 1086 3624 (in
1105 3561 1180 3616 Gru-

58 3642 113 3685 tem
127 3647 199 3694 cam,
212 3647 278 3700 quae
290 3619 347 3682 κάτ’
356 3631 436 3698 leogis
450 3628 585 3696 prouincia
652 3627 701 3678 teri
714 3625 795 3697 lamp.
809 3635 829 3678 t.
842 3625 865 3678 3.
883 3644 909 3696 p.
927 3629 996 3696 416)
1016 3625 1078 3680 lrsoc
1094 3637 1179 3681 notat.
1195 3653 1197 3658 ·

58 3697 153 3770 populi
165 3697 279 3750 Romani
291 3696 359 3748 dieta
371 3703 426 3760 est,
445 3711 584 3764 perquam
649 3693 835 3764 Aquaoductos
869 3711 916 3764 per
942 3693 1042 3748 alienos
1079 3694 1178 3748 fundos

59 3765 185 3828 Scipioni·
196 3763 231 3815 ad
241 3761 406 3833 Pompeium
418 3763 448 3814 in
464 3761 584 3816 Macedo·
651 3759 822 3813 ducebantur.
842 3760 893 3811 l.1.
908 3759 939 3812 is.
957 3761 990 3814 de
1005 3779 1071 3816 serv.
1087 3761 1179 3834 praed.

58 3829 132 3888 oia'm
151 3829 344 3885 uerecundum
360 3837 424 3884 erat.
443 3827 486 3881 M.
651 3837 716 3879 rust.
743 3828 803 3880 ldeo
822 3827 898 3881 fundi
915 3828 1026 3880 domino
1044 3829 1177 3883 tributum

93 3915 155 3953 erun.
172 3898 229 3953 Alii
244 3917 329 3968 quem.
651 3895 820 3965 pendebatur
836 3897 891 3947 sire
908 3897 1022 3966 metium
1060 3917 1087 3949 ro
1104 3895 1179 3950 colu-

91 3971 252 4038 generatim,
287 3985 333 4036 per
360 3963 463 4034 singula
479 3979 584 4031 genera
651 3981 772 4016 mnarum
789 3979 908 4018 numero.
950 3963 1005 4017 Nec
1045 3963 1115 4016 oelio
1130 3961 1178 4014 ad·

58 4037 201 4089 bominum
212 4043 239 4085 et
256 4051 304 4104 pro
322 4031 432 4104 singulis
444 4029 584 4102 geneubus
650 4032 751 4082 sentior
768 4047 814 4090 ar.
832 4047 873 4081 21.
890 4029 1049 4082 wlomrium
1066 4030 1175 4100 legenti.

59 4121 146 4156 rerum
175 4101 271 4154 tribula
300 4101 427 4170 imposita
457 4108 528 4152 sont.
558 4117 583 4150 v.
651 4097 723 4168 quod
735 4099 772 4150 sit
784 4096 896 4215 rectipal
908 4097 1177 4152 externebaflaee

59 4171 118 4227 lud.
133 4169 179 4222 Μ.
651 4164 685 4216 ad
703 4165 837 4218 Ciceronis
866 4181 961 4230 omuo3
981 4168 1009 4217 in
1028 4173 1117 4216 nostro
1136 4166 1177 4220 in·

93 4238 296 4300 columnarium,
331 4233 486 4296 tributum,
513 4231 585 4303 qood
650 4229 996 4311 telligeodumtributum,
1028 4247 1077 4302 pro
1100 4230 1177 4310 colp-

60 4300 584 4494 a:.:::::¹¹⁵p:¹::::n:tru
651 4308 943 4420 :laurera
958 4285 1176 4420 urnula

61 4439 177 4496 illoCic.
191 4409 225 4494 ad
264 4437 373 4508 locut,
391 4431 585 4492 62debooad
684 4425 855 4489 miosnrodo.
905 4431 1177 4509 Quidammddoq-
