2986 5268
339 341 434 430 aia
705 371 759 428 nn
795 369 929 428 aneto
965 370 1087 446 osne,

342 573 441 644 saxis
458 571 721 662 morabantur,
749 573 1017 671 moenibusque
1050 571 1337 672 adpropinquare
1361 597 1426 670 pro
1461 597 1462 600 ’

341 689 535 763 bibebant.
1107 757 1112 768 ,

394 809 453 879 23.
481 808 600 877 Muris
626 820 745 890 autem
769 804 932 876 amitibus
959 801 1106 880 Gallicis
1131 801 1218 876 baec
1231 803 1426 898 sereflrrna

246 916 250 927 '
340 931 405 990 est.
437 919 569 992 Trabes
593 918 766 1004 directae,
785 931 975 1014 perpetuae
999 923 1037 988 in
1064 916 1344 1013 longitudinem,
1372 943 1427 1012 pa-

342 1035 440 1108 ribus
484 1038 680 1112 intervallis
712 1035 884 1108 distantes
925 1037 1017 1105 inter
1041 1059 1080 1106 se
1105 1032 1203 1104 binos
1240 1033 1369 1132 pedes,
1403 1041 1430 1104 in
1464 1095 1465 1106 ,

282 1227 284 1230 ,
341 1153 415 1224 solo
443 1154 701 1234 conlocantur3
726 1152 794 1223 liae
819 1153 1062 1224 revinciuntur
1086 1155 1266 1222 introrsus
1291 1167 1323 1224 et
1342 1161 1430 1222 niulto

341 1289 480 1363 aggere
504 1272 711 1339 vestiuntur.
740 1265 794 1335 Ea
820 1278 963 1352 nutem,
1008 1289 1098 1362 quite
1123 1263 1313 1351 dicineus,
1349 1269 1431 1335 inter·

342 1381 435 1458 valli
449 1380 650 1482 grandibus
676 1387 715 1451 in
725 1377 858 1474 fronte
882 1383 985 1452 saxis
1012 1380 1258 1475 effareiuntur.
1285 1381 1351 1451 His
1369 1407 1432 1452 con·

340 1499 466 1570 locatis
491 1512 527 1570 et
552 1501 809 1594 coagmentatis
848 1495 942 1568 alius
980 1499 1127 1594 insuper
1151 1497 1239 1573 ordo
1265 1498 1433 1584 adiicitur,

343 1626 384 1680 ut
422 1611 515 1683 ulem
553 1611 645 1690 illud
668 1611 891 1696 intervallum
923 1625 1107 1700 servetur,
1148 1637 1262 1709 neque
1291 1616 1376 1684 inter
1407 1637 1435 1684 se

342 1727 552 1820 contingunt
587 1724 727 1812 trabes,
770 1723 835 1796 sed
860 1724 1010 1824 paribus
1041 1729 1267 1798 intermissae
1301 1727 1432 1824 spatib,

341 1841 532 1937 singulae,
566 1839 722 1936 singulis
755 1843 858 1912 souis
897 1845 1114 1928 interiectis,
1149 1855 1228 1916 orte
1261 1847 1435 1914 continear

342 1969 415 2026 tur.
459 1952 519 2026 Sic
544 1955 708 2053 deinceps
734 1981 837 2029 onme
870 1981 958 2055 opus
985 1961 1212 2047 contexitur,
1252 1959 1337 2031 duni
1360 1963 1436 2030 iusta

343 2075 443 2144 muri
474 2071 622 2146 altitudo
653 2073 851 2170 expleatur,
889 2071 970 2144 Hoc
1004 2097 1113 2169 quum
1152 2077 1190 2144 in
1216 2079 1366 2172 spectem
1392 2098 1436 2146 va·

344 2194 573 2288 rietatemque
597 2214 686 2288 opus
716 2189 874 2281 deforme
899 2215 969 2260 non
995 2201 1076 2276 est,
1114 2191 1264 2263 alternis
1303 2189 1439 2262 trabibus

342 2332 387 2384 aa
402 2313 543 2412 ysacio,
581 2331 671 2404 quae
709 2309 817 2379 rectis
857 2305 961 2378 liner's
986 2329 1070 2378 suos
1109 2307 1254 2401 ordines
1294 2319 1438 2394 servant;

934 2579 967 2696 :lit
983 2575 1124 2689 nepocsano
1144 2593 1204 2628 eum
1223 2595 1254 2628 eo
1272 2578 1309 2634 sit
1325 2576 1439 2632 maieno-

954 2659 991 2694 us.
1041 2681 1046 2692 .

342 2575 406 2637 bus,
425 2584 451 2628 et
468 2575 507 2637 sic
523 2572 692 2632 merehatur
716 2571 816 2629 hostes,
834 2589 868 2624 ne

342 2652 451 2713 possent
464 2642 544 2693 odire.
565 2641 602 2693 Ut
619 2643 641 2692 si
659 2640 757 2699 ilicem,
770 2639 868 2689 ln'atuca

343 2713 414 2762 areeri
435 2727 538 2768 moror,
559 2709 587 2770 in
610 2707 682 2757 biatu
704 2709 774 2756 aittri
797 2724 868 2775 pono

344 2773 466 2845 aliquid,
493 2773 565 2843 quod
590 2773 689 2841 ingredi
715 2782 758 2824 urit
783 2771 868 2840 egredi

344 2841 463 2893 volentes
486 2851 602 2900 moratur
623 2849 649 2891 et
673 2837 794 2909 impedit.
829 2839 867 2888 M.

343 2909 468 2972 Ceterum
487 2917 570 2960 totum
588 2907 661 2972 huuc
679 2907 764 2958 locum
787 2907 868 2957 muti·

343 2973 401 3040 lum
426 2976 521 3028 statuit
546 2974 566 3025 Ι.
586 2973 615 3024 C.
638 2975 671 3026 Η.
696 2992 805 3089 eumrpie
830 2973 867 3025 sic

343 3037 459 3112 intingit:
482 3054 631 3093 nostrarum
654 3037 720 3091 tarr.
743 3061 759 3090 a
772 3046 810 3090 tit.
829 3053 871 3102 et,

341 3123 464 3178 qnantum
494 3115 562 3160 inter
593 3107 640 3159 lios
665 3109 765 3176 qnotid.
794 3107 868 3158 labor·

342 3196 458 3246 aggeum
484 3187 603 3226 evexerat
626 3175 764 3236 (Graecus
789 3173 868 3227 babet

342 3245 448 3360 diogeno)
460 3243 577 3294 creandis
593 3261 745 3310 suarnnnpue
757 3246 866 3292 turrium

342 3318 418 3362 urnis
436 3312 471 3376 (i.
490 3331 512 3361 e.
538 3309 641 3362 damnis
665 3309 818 3361 divertebant
841 3320 866 3358 et

339 3383 438 3447 apertis
455 3377 588 3438 criniculis,
606 3379 739 3446 vineasque
762 3387 869 3444 nostras

338 3458 463 3516 praeusta
483 3455 532 3497 etc.

344 3507 350 3532 '⁸
378 3523 476 3574 Trabes
500 3523 622 3582 directae,
638 3521 741 3637 geraris
758 3521 865 3572 Bellen.

343 3607 367 3662 r.
385 3589 444 3642 lad.
464 3589 527 3640 bio'x
545 3588 625 3647 dicit,
643 3593 718 3638 rectis
742 3592 813 3638 ineis.
823 3589 865 3661 M.

371 3683 509 3740 perpetuae
519 3673 545 3719 in
555 3671 626 3740 long.
638 3670 792 3721 continuata
800 3671 865 3720 serie

339 3755 422 3807 nexae
435 3737 472 3804 (b.
482 3757 504 3788 e.
513 3737 564 3796 sic,
575 3746 606 3788 ut
615 3735 729 3790 ostreno
741 3739 865 3788 extremis

341 3809 445 3868 cubant,
460 3803 501 3856 rel
514 3805 666 3856 extremitas
684 3805 763 3855 unius
781 3813 868 3868 extrav,

339 3873 425 3924 minti
455 3871 563 3924 alterius
594 3865 701 3945 inligata
732 3869 864 3940 infixaque

339 3937 402 4002 s'it),
425 3945 453 3990 et
476 3937 582 4009 quidem
608 3939 635 3988 in
662 3938 862 4008 longitudinem.

338 4003 384 4056 stc
431 4005 556 4056 monente
580 4003 788 4074 Ouelendorpio,
815 4005 863 4056 boe

339 4041 473 4124 inteilexit
497 4071 656 4125 Lambertus
681 4071 734 4123 Bus‘
752 4073 780 4121 in
803 4073 863 4122 uni-

339 4139 426 4192 medv.
445 4139 478 4191 ad
495 4139 568 4191 Caes.
588 4156 614 4207 p.
635 4143 678 4200 2‘1,
695 4139 864 4207 firmavitque

338 4205 498 4262 senteutiam
514 4205 673 4258 conserendo
687 4205 794 4275 losepbi
807 4207 866 4268 loeo¹

339 4271 412 4334 (Bell.
433 4271 491 4324 tud.
510 4287 540 4334 7,
559 4269 622 4334 33),
661 4275 688 4323 ui
710 4275 738 4324 in
756 4273 797 4324 ed.
815 4274 864 4325 Hu-

338 4338 522 4416 uetenmpiona
540 4347 624 4390 uetat
640 4290 687 4390 bb.
698 4355 726 4402 7,
738 4359 758 4392 c.
770 4345 793 4390 8.
804 4339 827 4406 ξ.
839 4347 862 4392 5.

339 4403 425 4479 Lotus
443 4424 501 4500 ipse
517 4413 608 4478 uestro
632 4416 671 4480 est¹
692 4408 728 4480 itu
751 4394 863 4480 subitis,

967 2723 1108 2784 distantes,
1120 2723 1191 2792 qtiod
1208 2737 1311 2795 spectat
1324 2727 1354 2778 eil
1366 2725 1440 2778 altitu·

935 2787 1037 2852 dinem.
1055 2792 1096 2841 M.

967 2889 994 2934 in
1010 2885 1065 2935 sola
1078 2885 1254 2954 conlocantur,
1269 2887 1343 2940 humi
1354 2901 1441 2956 potuin-

935 2960 988 3012 tur,
1001 2953 1028 3002 in
1041 2951 1097 3002 solo
1109 2954 1293 3022 porriguntur:
1308 2973 1358 3005 non
1370 2965 1441 3004 :uitem

934 3019 989 3070 solo
1008 3019 1152 3088 inliguntui·
1162 3022 1210 3080 sie,
1223 3029 1252 3072 ut
1263 3031 1362 3074 erectae
1375 3027 1440 3070 stent

934 3086 1094 3138 biunuerunt
1110 3085 1197 3137 Daris.
1215 3095 1242 3138 et
1259 3087 1347 3141 Clarii.
1364 3087 1401 3139 tt.

967 3167 1015 3217 bae
1032 3171 1218 3230 revinciuntur,
1236 3169 1391 3244 copulentur
1416 3183 1442 3213 ¹er

934 3233 1021 3286 trabes
1039 3233 1115 3296 alius,
1128 3233 1234 3304 oblique
1253 3237 1389 3306 impositos
1401 3234 1406 3281 i
1419 3230 1444 3280 lis

933 3293 1040 3352 directis
1058 3310 1084 3352 et
1102 3299 1176 3352 bumi
1195 3305 1329 3371 porrectis.
1348 3301 1442 3354 blnnue-

933 3377 997 3418 runt
1022 3367 1189 3420 bbelliennus
1214 3379 1241 3418 et
1263 3367 1442 3422 liotontaunus.

932 3435 970 3484 M.
989 3434 1073 3487 codd.
1093 3435 1203 3514 quidem
1220 3453 1281 3487 aere
1299 3437 1444 3494 vinciuntur,

933 3502 1003 3572 queod
1028 3511 1115 3554 ortum
1140 3521 1173 3554 ex
1196 3501 1260 3567 bae,
1279 3505 1376 3574 scripto
1397 3501 1444 3552 sine

932 3569 1119 3638 adspiratione.
1171 3573 1174 3578 ’

964 3651 1107 3708 introrsus,
1119 3666 1179 3716 ergo
1190 3649 1219 3700 in
1230 3647 1406 3720 latitudinem·
1415 3641 1443 3692 bl·

965 3743 1073 3796 aggere,
1087 3735 1154 3799 terre
1173 3735 1264 3796 egesta·
1284 3727 1327 3779 M.

965 3811 1090 3861 actitatur.
1108 3809 1154 3863 Gr·
1171 3813 1324 3878 ieelidiieuet·

964 3901 1443 3970 internussoespatiis.FrustrsHotom·

931 3973 1090 4020 intermissis.
1120 3970 1164 4022 Sic
1187 3971 1259 4028 euim
1283 3981 1311 4021 et
1332 3987 1385 4038 cap·
1410 3980 1443 4026 7⁰·

929 4035 1051 4105 planities
1068 4041 1215 4090 intermissa
1232 4037 1343 4092 collibus.

965 4127 1069 4198 singolis
1091 4131 1176 4188 suris,
1199 4125 1310 4194 singulis
1335 4135 1444 4176 saxonem

931 4197 1019 4247 stratis
1037 4213 1058 4247 s·
1076 4193 1223 4246 ordinibus.
1242 4195 1283 4245 M.

964 4293 994 4323 ae
1012 4279 1093 4324 saris.
1112 4271 1180 4324 Male
1198 4271 1312 4337 Scaliger
1328 4278 1353 4320 et
1370 4281 1443 4340 recen·

932 4341 1010 4390 tiores
1033 4353 1095 4406 aut,
1112 4341 1177 4402 uitio
1201 4355 1349 4411 operarum,
1366 4344 1393 4386 ut
1411 4349 1442 4400 ei·

931 4408 1019 4483 elotae.
