3068 5260
303 339 313 368 ι
363 285 423 390 32
722 311 779 384 uu
814 315 950 384 nunno
982 322 1106 386 erun.

357 519 475 600 literis
494 521 646 598 Graccis
663 523 856 600 confectae
877 531 917 600 et
931 524 979 600 ad
993 527 1189 602 Caesarem
1206 525 1371 618 relatae,
1399 530 1480 628 qni·

359 637 431 713 bus
460 637 498 711 in
522 636 658 712 tabulis
688 641 913 714 nominatim
935 641 1034 716 ratio
1065 641 1239 716 confecta
1271 647 1380 732 erat,
1408 643 1476 742 qui

359 781 536 832 numerus
549 754 662 830 domo
676 757 812 831 exisset
829 780 959 832 eorum
972 812 982 848 ,
996 758 1061 856 qui
1076 783 1181 832 arma
1196 757 1290 834 ferre
1306 767 1475 860 possent:

360 876 514 949 etitem
539 873 740 973 separatim
767 873 892 974 pueri,
917 897 1042 966 senes,
1068 873 1327 976 mulieresque.
1368 880 1478 970 Qua-

358 1007 447 1068 rum
464 993 632 1068 omnium
649 1015 778 1066 rerum
795 1013 943 1064 summa
968 997 1069 1082 erat,
1086 993 1256 1093 capitum
1280 991 1481 1068 Helvetio-

360 1129 445 1186 rum
464 1107 566 1186 milia
583 1108 784 1198 CCLXlll,
797 1105 1044 1208 Tulingorum
1061 1108 1162 1184 milia
1177 1105 1352 1200 xxxvl,
1369 1113 1483 1186 Lato·

361 1226 554 1328 brigorum
567 1217 690 1316 Xllll,
704 1225 965 1312 Rauracorum
978 1228 1113 1322 XXlli,
1126 1229 1306 1304 Boiorum
1319 1231 1477 1306 XXXIh·

362 1525 439 1572 antea
458 1513 528 1578 dixi,
545 1513 662 1587 epponi,
681 1519 727 1565 aut
745 1509 808 1566 inde
820 1527 886 1567 con·
951 1519 1004 1568 ta'at
1015 1511 1113 1586 aliquia
1121 1509 1353 1584 usnhaseognitas
1364 1521 1392 1568 et
1401 1515 1479 1569 tritu

362 1585 452 1646 eludi,
484 1583 575 1637 Gallos
607 1582 705 1638 Graece
729 1583 887 1644 nescivisse,
952 1581 1061 1636 habere:
1074 1583 1218 1648 auntenim
1229 1593 1477 1652 pancorumetcer·

363 1652 426 1723 qnia
462 1649 557 1703 Graece
590 1650 641 1702 scri
663 1657 717 1700 tana
745 1648 886 1727 epistolum
952 1657 1042 1702 torum
1059 1649 1217 1716 verborum3
1238 1659 1265 1701 et
1283 1657 1373 1702 tamen
1391 1668 1477 1703 carere

364 1733 420 1774 uon
440 1717 577 1790 potuerint
589 1667 746 1782 intelligere,
760 1714 886 1785 adeoque,
953 1715 1079 1770 facultate
1097 1717 1187 1768 omnia
1205 1715 1292 1768 verbis
1309 1717 1480 1786 exprimendi

364 1782 513 1856 siquando
531 1783 622 1836 literae
641 1781 753 1837 Graecae
770 1800 785 1832 a
802 1781 886 1835 Gallia
951 1783 999 1836 illa
1019 1801 1152 1846 sermone,
1171 1801 1225 1856 quo
1238 1801 1358 1837 sermone
1376 1785 1480 1837 sormu-

364 1862 506 1971 ueurpptae
532 1850 674 1986 dicaptpiz,
705 1847 886 1970 intelligenda*
952 1849 1223 1971 lunilkmoffiihlim
1260 1859 1270 1901 t
1278 1859 1356 1929 ,naut
1378 1851 1479 1903 intelli.

696 1935 709 1966 e
764 1935 772 1966 ι
1469 1947 1480 1958 -

364 1935 592 2058 ‘nilmilffpei
605 1931 888 2056 ,attentat
952 1935 1477 2046 tt„ttntmfittttsstte‘ttt

365 2053 416 2108 lieu
436 2059 555 2124 expressi
572 2053 641 2112 aiat,
658 2059 690 2104 ut
705 2051 728 2104 ei
744 2052 804 2122 quis
823 2051 885 2106 Ger·
970 2051 1040 2105 endi.
1063 2052 1133 2104 Cum
1158 2069 1217 2121 ergo
1243 2052 1310 2104 mihi
1335 2051 1478 2105 rideantur

364 2122 467 2176 manica
480 2119 558 2173 verba
577 2121 669 2172 formis
686 2117 822 2172 literarum
836 2117 887 2197 La·
952 2069 1119 2173 difficultates
1140 2119 1267 2170 removeri
1285 2137 1384 2189 posse,
1410 2139 1479 2190 quae

365 2191 482 2244 tinamm
491 2189 627 2260 exprimat.
635 2185 769 2238 lamenim
780 2197 886 2248 monui,
952 2193 1097 2258 opponunt
1109 2185 1134 2236 ei
1147 2185 1307 2246 sententiae,
1320 2204 1387 2256 quae
1396 2185 1477 2239 Grae-

365 2276 420 2310 non
449 2255 539 2309 Gallos
562 2271 654 2306 ornnes
681 2253 779 2307 Graece
804 2251 887 2304 intel*
953 2251 1097 2308 caelitem
1110 2252 1152 2306 liis
1165 2253 1193 2305 in
1207 2251 1271 2304 locis
1287 2254 1479 2324 interpretatur

365 2323 476 2386 lexisse,
497 2321 544 2375 sed
562 2341 624 2384 eos,
644 2320 689 2393 qui
709 2319 781 2371 ducti
800 2327 888 2372 essent
953 2337 1096 2372 canaonem
1119 2321 1264 2370 Graecum:
1287 2339 1341 2371 non
1367 2331 1479 2392 possum

366 2402 447 2463 atque
474 2389 642 2443 haberentur.
674 2387 783 2441 Accedit
814 2385 888 2458 quod
953 2395 1052 2442 certam
1062 2395 1088 2438 et
1099 2385 1277 2440 indubitatam
1286 2385 1372 2440 dicere
1385 2407 1481 2440 eorum

364 2459 457 2514 Nervii
475 2457 587 2510 maxime
608 2456 656 2508 ieri
672 2463 698 2508 et
716 2454 887 2508 remotissimi
953 2456 1126 2516 sententiam,
1137 2455 1185 2525 qui
1197 2453 1286 2508 literae
1299 2453 1410 2508 Graecas
1424 2475 1480 2507 esse

365 2545 380 2582 e
396 2525 552 2579 cultioribus
570 2523 653 2577 Gallis
669 2521 740 2574 fuere
750 2560 758 2584 ,
778 2520 832 2574 vid.
853 2537 887 2580 a,
953 2521 1057 2575 malunt
1074 2523 1170 2574 formas
1188 2530 1215 2574 et
1231 2521 1325 2593 liparae
1342 2521 1481 2574 literarum

363 2605 380 2660 4
400 2601 428 2646 et
444 2599 467 2643 tr.
482 2601 513 2643 ut
528 2590 610 2643 ahlris
629 2588 663 2642 ad
675 2588 735 2641 illos
754 2597 802 2640 aut
814 2603 885 2649 riou,
952 2589 1123 2644 Graecarum:
1138 2607 1298 2662 quamquam
1309 2587 1430 2660 plerique
1442 2592 1481 2640 in-

364 2669 409 2714 aut
427 2677 483 2711 earo
493 2657 600 2710 demum
614 2675 676 2708 usus
690 2655 793 2726 linguae
805 2655 885 2708 Grae-
952 2667 992 2710 ter
1040 2665 1078 2708 tes
1112 2657 1259 2719 caesaris,
1287 2665 1366 2734 atque
1398 2659 1482 2710 etism

365 2733 422 2780 cac*
443 2734 580 2794 ropagatns
596 2723 721 2776 videatur.
742 2723 885 2784 Alterum,
951 2725 987 2778 l‘a
1008 2726 1087 2776 riciua
1105 2723 1138 2777 ad
1157 2723 1276 2776 Cassium
1297 2723 1414 2775 Dionem
1429 2737 1478 2786 4ο,

366 2745 442 2864 quel
461 2793 606 2845 sententiaa
625 2807 706 2861 snpra
735 2791 886 2862 propositae
953 2809 984 2859 9,
1003 2809 1058 2844 rem
1078 2792 1117 2844 sic
1136 2791 1249 2861 intelligi
1269 2789 1380 2852 volunt,
1400 2799 1481 2860 atque

366 2857 886 2992 tttm'ittt‘leiitltstt,⁰⁸:3⁰
953 2857 1259 2979 tittsstlttltit
1260 2857 1428 2978 ⁰i2⁵0i10¹0l¹²¹¹
1451 2857 1482 2976 l}

367 2993 414 3046 ubi
436 2993 528 3046 Caesar
549 3011 610 3044 cnm
635 2991 788 3053 Divitiaco,
810 2963 887 3043 riobi:
953 2943 1481 3062 detabuliscensualihuserponit,poqsse

365 3059 468 3115 lissima
497 3059 597 3113 Galliae
622 3061 704 3120 viro,
742 3059 887 3129 eodemque
954 3065 981 3112 et
998 3059 1092 3113 debere
1112 3068 1219 3112 tantum
1233 3058 1481 3111 sormasliternrnm

367 3127 468 3180 Druida
481 3165 489 3189 ,
500 3127 556 3180 Cic.
575 3125 607 3178 de
624 3127 713 3178 Diria.
734 3143 759 3187 r,
779 3137 826 3191 μ,
842 3145 887 3196 per
954 3127 1113 3182 Graecarum
1127 3127 1253 3196 intelligi,
1266 3145 1327 3178 cnm
1340 3125 1409 3178 nihil
1419 3128 1483 3179 scri-

367 3195 540 3266 interpretem
549 3193 652 3246 locutus
659 3193 769 3247 dicitur:
781 3192 900 3264 idquod¹
953 3193 1074 3250 bendum
1091 3195 1189 3256 luerit,
1207 3195 1260 3250 nisi
1273 3193 1382 3245 uomina
1400 3211 1481 3264 pago·

366 3270 463 3330 negant
482 3262 656 3314 necessarium
676 3261 777 3321 fuisse,
794 3261 818 3312 si
837 3259 887 3311 Di·
954 3279 1031 3324 rum,
1057 3261 1240 3324 familiarum,
1266 3259 1427 3319 hominum,
1455 3269 1481 3310 et

367 3331 481 3383 siliacus
505 3330 603 3382 Graece
632 3327 825 3380 intellexisset:
850 3329 888 3378 ita
954 3339 1034 3380 notae
1050 3347 1242 3381 numerorum:
1260 3335 1484 3400 quaesauesnnt

368 3397 583 3450 enimCaesarem
593 3411 656 3448 cum
667 3413 697 3446 eo
706 3393 803 3448 Graece
813 3393 889 3466 loqui
953 3395 1080 3449 vocabula
1094 3395 1207 3454 Gallica,
1221 3393 1357 3447 literarum
1371 3393 1483 3446 Graece·

368 3465 493 3534 potuissa.
512 3462 566 3516 Sed
585 3461 671 3514 ethic
690 3459 788 3518 habeo,
815 3459 887 3542 quod
955 3483 1015 3516 rum
1031 3463 1119 3533 liguris
1132 3481 1261 3534 expressa.
1283 3459 1337 3514 Sed
1351 3459 1394 3514 bic
1408 3459 1484 3513 locus

366 3531 547 3601 respondeam.
573 3527 741 3591 Concedam,
773 3527 889 3581 Divitia·
955 3547 1011 3584 rem
1024 3549 1077 3582 noa
1094 3529 1214 3584 conflet:
1230 3527 1412 3601 quaerendum
1427 3537 1484 3579 erat

366 3615 427 3650 cum
446 3617 501 3652 esse
518 3595 653 3658 eumdem,
672 3595 705 3648 de
724 3615 778 3667 quo
797 3595 889 3648 Cicero
955 3597 989 3650 de
1010 3596 1134 3650 omnihus
1158 3597 1239 3659 locis,
1259 3595 1306 3649 uhi
1326 3595 1356 3647 fit
1380 3596 1483 3646 mentio

346 3693 350 3698 ·
368 3664 500 3738 loquitur,
514 3664 629 3735 adeoque
644 3663 725 3716 fuisse
741 3661 888 3727 Druidam3
955 3663 1094 3717 literarum
1111 3663 1270 3718 Graecarum
1291 3664 1361 3715 inter
1380 3663 1483 3714 Galles.

367 3733 530 3793 concedens,
553 3749 614 3783 eum
633 3729 737 3783 tabulas
752 3729 890 3783 formulas·
956 3734 996 3787 Ac
1015 3733 1038 3812 si
1052 3733 1101 3784 lroc
1120 3749 1175 3783 uno
1193 3729 1252 3786 loco
1272 3737 1360 3812 posset
1379 3732 1432 3790 sic,
1454 3737 1484 3806 ut

368 3805 765 3946 tttrtttttttttt'tt„
779 3797 890 3934 55:233
957 3797 1485 3940 tl‘ttttltltttuttttss'sititet

369 3951 430 3986 cum
452 3933 527 4005 loqui
545 3933 641 3986 Graece
667 3934 794 4002 potuisse.
822 3931 891 4002 Quis
958 3947 1019 3988 cunr
1031 3951 1149 3993 carnaeae,
1163 3951 1243 4004 quare
1252 3933 1290 3985 sic
1302 3929 1485 4002 putentrntel-

368 4001 475 4062 nescit,
505 4009 606 4070 quanto
632 3999 769 4052 intervallo
810 3999 893 4051 distet
958 3999 979 4054 li
998 4000 1195 4064 'deberemus
1206 4001 1322 4054 sufficere
1335 3997 1484 4051 rideantur.

370 4065 482 4120 facultas
501 4065 686 4134 intelligendae
703 4066 815 4118 alicuius
841 4065 892 4117 lin·
958 4017 1006 4123 ἦ
1209 4099 1214 4108 ,

370 4151 447 4202 prae,
457 4141 638 4206 certorumque
648 4133 820 4185 formularum
830 4151 892 4186 corr·
992 4133 1130 4204 confictae.
1157 4133 1253 4188 Voluit
1265 4151 1319 4185 non
1332 4149 1412 4183 nemo
1426 4147 1484 4180 enn-

370 4200 551 4269 clpiendsrum
573 4219 588 4252 a
609 4199 730 4252 facultate
747 4197 894 4270 loquendi?
959 4206 1076 4268 scriptur.
1096 4203 1200 4256 frustra.
1223 4201 1286 4254 Vid-
1300 4197 1425 4254 Oudend.
1450 4195 1485 4248 ad

371 4269 525 4337 praesertim
538 4285 613 4328 cnm,
633 4285 699 4346 quac
712 4265 783 4320 Galli
796 4267 892 4320 Graece
959 4269 1068 4322 Sueten.
1083 4287 1107 4321 v.
1123 4269 1233 4324 Lucani.

370 4335 568 4402 consipnaruut,
588 4335 688 4385 suerint
700 4335 788 4386 omnia
798 4352 827 4385 cx
838 4353 892 4385 uno
993 4337 1100 4387 relatae.
1123 4339 1166 4392 Sic
1184 4336 1259 4393 codd.
1266 4335 1345 4408 vulgo
1354 4331 1481 4404 perlatae-

370 4399 895 4474 genereubutaeeeformulaee'edpo·
960 4399 1129 4454 aldelmus?
