3028 5258
336 317 427 430 540
695 339 752 400 uu
785 339 919 402 uncto
953 339 1082 398 cmm

332 541 539 642 obpressis,
571 539 702 638 reliqui
737 565 802 640 per
835 540 972 614 burum
1001 561 1157 642 corpora
1183 535 1348 612 salutem
1376 539 1443 612 sibi
1477 537 1479 626 i

331 665 445 756 atque
484 659 628 742 exilum
662 658 868 758 pariebant.
927 657 1085 733 Sinistra
1120 680 1238 731 aurern
1273 655 1447 747 milites,
1479 666 1480 742 l

332 799 448 876 quum
488 799 536 856 ex
569 773 669 854 vallo
698 774 917 872 Pompeium
948 773 1075 854 adesse
1114 779 1155 846 et
1188 797 1275 849 suns
1317 773 1447 874 fugere
1480 768 1481 840 l

332 895 553 976 cernerent,
596 890 732 976 veriti,
772 911 817 970 ue
841 883 1053 986 ‚augustiis
1071 887 1450 978 intercluderentur,

333 1027 451 1100 quum
476 1007 580 1086 extra
607 1009 645 1084 et
670 1003 775 1086 intus¹
800 1002 943 1084 bostem
972 1002 1172 1089 haberent,
1198 1001 1359 1089 eodem,
1376 1027 1451 1099 quo

333 1127 533 1213 venerant,
550 1127 705 1220 receptu
729 1119 798 1198 sibi
825 1115 1093 1208 consulebant,
1120 1121 1324 1216 omniaque
1343 1127 1454 1195 erant
1484 1176 1485 1206 ,

332 1238 540 1324 tumultus,
575 1236 746 1325 timoris,
786 1234 895 1334 fugae
923 1232 1029 1330 plena
1048 1287 1075 1318 ,.
1101 1233 1193 1312 adeo
1222 1241 1294 1322 ut,
1330 1259 1454 1334 quum
1485 1278 1486 1326 o

331 1355 466 1430 Caesar
489 1353 593 1452 signa
618 1349 842 1452 fugientium
869 1369 983 1426 manu
1010 1348 1254 1446 prebendsuet
1282 1355 1325 1426 et
1353 1374 1455 1422 con·
1486 1380 1487 1412 i

332 1470 459 1546 sistere
485 1467 654 1556 iuberet,
686 1463 747 1538 alii
774 1462 934 1539 dimissis
960 1465 1063 1558 equis
1088 1463 1265 1548 eumdem
1291 1487 1456 1541 cursum
1487 1482 1488 1486 ’

333 1579 585 1682 conficerent,
609 1579 669 1653 alii
696 1603 743 1660 ex
768 1585 874 1652 metu
900 1578 1014 1654 etiam
1040 1579 1145 1677 signa
1176 1577 1456 1668 dimitterent,

334 1721 453 1796 neque
478 1699 675 1794 quisquam
700 1695 854 1768 omnino
880 1694 1111 1768 consisteret.

338 1875 342 1882 .
386 1833 445 1904 70.
470 1811 537 1885 His
564 1811 678 1886 tantis
703 1807 809 1888 malis
835 1807 928 1894 baec
954 1806 1116 1892 subsidia
1141 1807 1452 1898 succurrebant,

333 1949 408 2026 quo
445 1927 569 2004 mnus
602 1926 722 2000 omnis
748 1918 935 1998 deleretur
958 1925 1169 2013 exercitus,
1202 1925 1307 2022 quod
1334 1927 1452 2000 Pom·

333 2041 436 2140 peius
473 2039 622 2120 insidias
663 2039 828 2131 timens,
867 2038 1006 2128 credo,
1040 2040 1139 2136 quod
1157 2040 1267 2120 ,baec
1296 2048 1453 2138 praeter

333 2182 435 2258 spem
469 2155 683 2236 acciderant
715 2154 823 2239 eius,
863 2155 928 2252 qui
966 2153 1092 2252 paullo
1112 2161 1204 2234 ¹aute
1235 2159 1451 2232 excestria

332 2271 516 2370 fugientes
540 2295 626 2352 suos
652 2275 925 2368 conspexerat,
951 2269 1219 2346 munitionibus
1244 2269 1451 2370 adpropin-

334 2413 448 2491 quare
486 2384 816 2486 aliquamdiunon
850 2383 1043 2474 audebat„
1077 2389 1294 2485 equitesque
1328 2391 1412 2464 eius
1429 2445 1446 2478 ‚

333 2501 500 2604 angustis
526 2500 644 2599 portis
668 2505 780 2597 atque
806 2499 865 2582 bis
887 2523 912 2576 a
938 2499 1104 2582 Caesaris
1129 2500 1311 2584 militibus
1327 2527 1448 2578 occu-

200 2689 212 2696 ,
331 2616 455 2714 patis,
500 2615 547 2690 sd
580 2613 848 2712 insequendum
890 2613 1148 2696 tardabantur.
1207 2619 1266 2700 lta
1301 2643 1446 2716 parvae

331 2751 390 2800 res
423 2751 603 2828 magnum
642 2729 681 2800 in
716 2733 914 2824 utramque
945 2734 1087 2826 partem
1114 2737 1348 2812 momentum
1377 2732 1448 2806 ba-

330 2837 504 2915 buerunt.
559 2841 787 2918 Munitinnes
827 2842 953 2932 euim,
991 2867 1013 2916 a
1047 2843 1179 2922 castris
1214 2843 1262 2928 ad
1294 2841 1444 2920 &men

330 2953 551 3054 perductae,
584 2956 817 3056 expugnatis·
831 2956 906 3030 iam
933 2957 1065 3034 castris
1091 2958 1286 3056 Pompeii,
1320 2983 1445 3058 prope

329 3069 405 3142 iam
431 3069 643 3168 expeditam
669 3069 836 3146 Caesaris
862 3072 1062 3147 victoriam
1087 3070 1443 3172 interpellaverunt:

330 3181 460 3256 eadem
487 3207 567 3272 res,
591 3181 780 3258 celeritate
805 3186 1080 3283 insequentium
1107 3185 1273 3277 tardata,
1300 3193 1442 3264 nostris

329 3295 488 3375 salutmn
514 3299 665 3376 adtulit.

344 3465 348 3471 -
382 3435 438 3506 71·
464 3413 620 3494 Duobus
646 3415 701 3493 bis
727 3418 836 3491 unius
862 3414 933 3490 diei
958 3413 1107 3515 proeliis
1139 3415 1274 3494 Caesar
1299 3417 1440 3496 deude-

324 3759 383 3814 aorl·
407 3767 505 3832 repant
531 3761 690 3828 Manutius3
723 3761 792 3818 airus
820 3773 847 3816 st
912 3767 1162 3822 ram.M.llast1lur
1180 3769 1437 3825 mesenataenedl.

325 3826 384 3882 erlal-
402 3837 466 3880 vett.
484 3845 590 3881 nmen.
943 3850 1024 3900 prope
1033 3834 1245 3902 tumarpode‘rnm.
1262 3837 1384 3890 Omnino
1398 3843 1436 3892 ita

358 3895 470 3948 ‹lbnissis
487 3899 565 3964 equis.
584 3895 644 3966 Lag.
662 3895 793 3957 ώέιιὲε.
814 3905 847 3950 ut
912 3898 1081 3954 scribendum
1094 3921 1142 3972 pro
1152 3909 1285 3972 propriam
1299 3918 1323 3958 ss
1335 3910 1437 3972 emeni-

323 3961 455 4022 Fatrnnn,
472 3961 641 4022 ciacconius,
662 3963 846 4024 Hotomanus
912 3979 973 4018 rona
1009 3967 1140 4022 Davisius.
1163 3970 1259 4042 Recepi
1278 3992 1339 4026 cum
1366 3974 1437 4026 (tud.

324 4029 455 4082 viderunt.
475 4029 513 4079 Μ.
912 4033 1000 4088 similo
1017 4051 1041 4086 v.
1059 4054 1081 4088 c.
1099 4037 1139 4102 73.
1378 4091 1380 4094 .

312 4107 317 4124 ·
356 4095 843 4152 amerinomlanutiuseoniicitomninm.
945 4101 1048 4156 Duobus
1076 4104 1117 4154 bia
1143 4131 1175 4144 -
1205 4133 1237 4144 -
1266 4105 1436 4161 Centuriam

354 4167 428 4225 sius,
455 4168 508 4235 quei.
525 4164 575 4218 llic
591 4164 659 4218 nale
677 4163 788 4219 antebac
804 4167 844 4218 in·
910 4167 1027 4220 mn.
1055 4170 1124 4223 llaec
1150 4172 1180 4222 iu
1205 4172 1284 4225 oodd.
1307 4176 1344 4226 ita
1372 4187 1436 4227 nant

322 4229 535 4300 torpungebatur.
910 4233 1036 4295 turbata,
1053 4235 1206 4290 diversitate
1222 4244 1434 4304 oonsbrutionis,

263 4317 271 4331 ·
354 4303 497 4364 angrariis,
520 4303 652 4367 portisque
669 4319 686 4352 a
703 4299 734 4352 0.
751 4317 785 4350 m.
803 4317 843 4349 oo·
910 4303 1083 4382 discrepantia
1102 4309 1252 4368 namnum,
1270 4307 1368 4360 ozielitis
1388 4319 1436 4362 aut

321 4367 423 4432 upana
459 4363 492 4418 ln
519 4365 652 4438 plerisque
680 4367 754 4424 codd.
783 4377 841 4420 est:
909 4379 1019 4438 mutatas
1044 4375 1180 4432 numeris,
1207 4383 1237 4428 ut
1261 4376 1293 4428 de
1316 4395 1377 4430 rem
1391 4377 1435 4428 lo·
