3028 5258
714 375 769 463 ns
805 371 939 434 sueto
973 373 1102 434 civim

395 576 456 674 76.
485 575 668 650 Confecto
692 577 794 649 iusto
819 575 952 648 itinere
978 574 1057 648 eius
1083 571 1176 662 diei,
1203 569 1303 674 quod
1328 593 1463 669 propo·

345 701 472 766 suerat
497 693 654 782 Caesar,
673 691 972 788 transductoque'.
986 689 1155 762 exercitu
1174 683 1315 762 flumen
1334 686 1463 758 Genu-

345 831 450 896 sum,
478 807 666 880 veteribus
700 807 774 880 ¹suis
807 807 845 878 in
882 807 1017 879 castris
1057 809 1190 878 contra
1215 803 1462 899 Asparagium

346 925 516 998 consedit
541 922 752 1020 militesque
779 945 908 998 omnes
946 923 1045 995 intra
1071 919 1212 996 vallum
1253 926 1464 994 metrorum

345 1043 533 1116 continuit
553 1042 859 1139 equitatumque,
874 1063 938 1137 por
953 1062 1125 1114 caussam
1140 1035 1343 1137 pabulandi
1361 1037 1465 1108 emis-

246 1183 253 1200 ·
343 1185 448 1254 sum,
476 1159 673 1235 confestim
701 1156 908 1230 decumana
934 1163 1044 1256 portu
1069 1156 1108 1228 iu
1134 1162 1258 1235 eastra
1293 1179 1334 1228 se
1371 1157 1464 1226 reci-

345 1297 433 1375 pere
459 1275 578 1347 iussit.
604 1271 723 1346 Simili
749 1271 894 1344 ratione
921 1269 1139 1368 Pompeius,
1165 1267 1344 1346 confecto
1372 1270 1465 1340 eius-

344 1389 430 1460 dem
457 1387 528 1462 diei
553 1379 708 1478 itinere,
734 1387 772 1459 in
799 1385 874 1458 suis
899 1385 1089 1460 veteribus
1115 1383 1247 1460 castris
1273 1381 1322 1455 ad
1350 1382 1466 1480 Aspa-

341 1503 493 1602 ragium
520 1502 706 1592 consedit,
734 1503 887 1599 eiusque
913 1497 1070 1589 milites,
1103 1495 1205 1596 quod
1240 1497 1287 1570 ab
1324 1520 1465 1596 opere,

343 1619 500 1719 integris
526 1617 819 1706 munitionibus,
846 1617 1052 1705 vacabant,
1079 1614 1140 1688 alii
1163 1614 1329 1716 lignandi
1349 1615 1465 1714 pabu-

342 1731 518 1828 landique
544 1754 675 1804 caussa
701 1731 847 1832 lougius
875 1729 1229 1829 progrediebantur3
1256 1727 1339 1818 alii,
1363 1731 1463 1826 quod

345 1849 470 1922 subito
496 1847 694 1921 consilium
719 1848 960 1948 profectionis
982 1853 1178 1946 ceperunt,
1198 1871 1336 1948 magna
1355 1854 1462 1945 parte

345 1961 687 2060 inpedimentorum
713 1969 752 2038 et
777 1962 1009 2036 sarcinarum
1034 1959 1188 2050 relicte,
1214 1960 1261 2032 ad
1287 1963 1385 2034 baec
1412 1987 1463 2032 re·

345 2079 506 2180 petendu
524 2079 674 2154 invitati
689 2079 967 2178 propinquitate
982 2080 1217 2177 superiorum
1231 2071 1461 2166 castrorum,

344 2195 521 2296 depositis
546 2195 584 2267 in
611 2194 858 2268 contubernio
877 2194 1008 2284 armis,
1029 2195 1172 2270 vallum
1188 2195 1462 2293 relinquebant.

345 2311 490 2404 Quibus
517 2309 564 2382 ad
590 2309 818 2408 sequendum
844 2309 1039 2408 inpeditis,
1064 2310 1229 2398 Caesar,
1253 2309 1357 2406 quod
1385 2311 1461 2382 fore

343 2423 581 2524 providerat,
606 2424 811 2497 meridiano
830 2421 904 2494 fere
922 2429 1115 2522 tempore,
1132 2424 1237 2524 siguo
1257 2423 1462 2521 profectio-

345 2543 403 2615 nis
430 2541 542 2630 deto,
565 2541 773 2614 exercitum
798 2537 949 2628 educit,
975 2539 1241 2640 duplicatoque
1275 2541 1356 2612 eius
1392 2541 1462 2612 diei

345 2656 499 2743 itinere,
525 2660 612 2726 neto
639 2653 741 2725 milia
769 2677 945 2753 passuum
980 2677 1028 2729 ex
1061 2677 1106 2728 eo
1140 2653 1225 2727 loco
1264 2654 1462 2753 procedit:

345 2772 447 2868 quod
471 2772 592 2871 fecere
619 2771 816 2870 Pompeius
842 2769 1006 2844 discessu
1032 2768 1193 2844 militum
1221 2795 1297 2844 non
1325 2773 1464 2870 potuit.

354 3137 471 3185 sunum
506 3134 557 3182 tter
590 3127 650 3182 dies.
691 3125 869 3182 Guiscbardus
935 3127 1077 3182 redierunt.
1096 3129 1175 3185 Unde
1186 3129 1230 3183 bic
1240 3128 1329 3192 locus,
1346 3132 1397 3186 obi
1409 3151 1464 3186 con·

346 3200 510 3265 (Memoires
527 3197 586 3250 criti
608 3215 654 3249 ues
671 3204 698 3248 ct
710 3195 869 3265 historiques
936 3196 1080 3249 sederunt.
1103 3215 1118 3248 s
1140 3195 1272 3250 veteribus
1294 3201 1389 3252 cestris
1412 3217 1464 3250 nnn

346 3269 379 3320 T.
393 3285 413 3317 r.
428 3287 454 3348 p.
476 3281 530 3316 ros.
549 3270 560 3328 (
570 3215 612 3316 vll
650 3263 886 3339 wadiorum.
936 3265 1032 3333 viginti
1044 3272 1089 3315 unt
1105 3274 1218 3335 qustum
1233 3274 1260 3316 et
1297 3267 1376 3318 'iuti
1391 3268 1462 3319 mun

345 3337 470 3397 maioris)
488 3336 622 3404 seqq.)-re
652 3339 691 3382 tet
707 3347 766 3391 eos,
792 3330 869 3400 quie
936 3348 1062 3450 passuum
1079 3330 1168 3384 abesse
1187 3333 1284 3402 potuit.
1349 3335 1354 3346 '
1378 3337 1387 3384 i
1409 3337 1464 3404 qni-

345 3403 455 3471 Vegetio
479 3407 532 3464 (r,
562 3403 599 3467 9)
620 3397 801 3459 concludunt,
826 3398 870 3450 vl·
955 3417 997 3450 em
1025 3401 1106 3450 etism
1134 3399 1212 3456 iude.
1242 3401 1305 3470 quis
1334 3400 1463 3462 additur,

345 3470 414 3539 giuti
435 3466 544 3520 milibus
564 3483 697 3536 passuum,
714 3472 762 3516 rut
774 3465 870 3536 viginti
935 3466 1006 3534 quod
1021 3471 1073 3517 iser
1087 3479 1259 3536 proposuerat
1277 3467 1396 3529 Caesar,
1424 3471 1464 3518 iu·

345 3533 602 3655 duildubi'lil’
626 3532 869 3652 &libili-12⁵?
935 3531 1339 3653 21¹¹su0uzz⁰⁰ue÷
1356 3534 1462 3656 ῗὲἔἭ

344 3672 442 3722 iustum
460 3669 512 3720 diei
530 3669 582 3719 iter
598 3685 652 3720 esse
664 3669 728 3720 sutis
745 3615 869 3735 mfguum’
935 3665 1046 3720 arbitrio
1062 3669 1180 3721 Caesaris
1197 3619 1235 3720 dl¹
1242 3637 1398 3739 tenpbrum
1415 3689 1459 3720 ne·

344 3739 404 3788 vise
416 3738 531 3806 spetlum
548 3753 597 3806 pro
614 3735 699 3802 spatio
716 3733 784 3794 diei,
802 3735 868 3794 sive,
935 3737 1056 3788 cessitate
1073 3735 1208 3806 positum,
1265 3754 1368 3806 ousque
1386 3737 1461 3789 vellet

344 3813 376 3856 ut
397 3801 483 3854 verbis
500 3803 556 3854 eius
574 3811 650 3854 uter:
679 3802 710 3854 L’
718 3806 867 3866 expression
936 3801 1094 3874 deberetque
1105 3803 1200 3856 Caesar
1212 3753 1264 3855 illd
1274 3803 1317 3855 die
1333 3805 1460 3875 progredi.

344 3873 444 3924 iustum
466 3872 515 3920 iter
538 3887 602 3919 nous
624 3870 662 3918 dit
688 3868 868 3936 sinoplement,
934 3871 1050 3922 Omnem
1067 3887 1121 3922 reus
1137 3869 1242 3923 conficis
1259 3889 1387 3924 uumerus
1406 3891 1460 3942 pes·

933 3955 1026 4054 pirrum,
1034 3939 1089 4055 lqni
1106 3939 1192 4007 capite
1209 3937 1258 3991 boe
1275 3948 1397 3992 anemo
1413 3948 1460 3992 tru-

956 4013 1016 4056 rtur.
1065 4041 1072 4055 .

967 4089 995 4135 in
1011 4087 1192 4147 suumin,
1218 4087 1248 4138 in
1272 4087 1392 4140 tentorio
1416 4103 1460 4140 suo

934 4159 962 4203 et
978 4151 1215 4205 contubernalium.
1233 4153 1275 4205 Μ.

344 3957 394 4010 que
420 3937 501 3988 θέειν
513 3935 553 4008 fit
570 3953 618 3986 une
636 3937 717 3988 bonne
738 3935 868 4002 journde,

344 4003 870 4148 tt.?⁰t”‘.t“t⁶lt’.tt'.t.““llt

345 4141 443 4193 mentis
462 4141 545 4190 utitur
562 4157 622 4191 cum
640 4139 713 4198 slsis,
732 4145 787 4188 tum
805 4136 867 4198 boc,

365 4207 418 4260 uod
434 4205 468 4265 ub
485 4223 515 4258 eo
533 4205 608 4267 loce,
636 4204 682 4257 ubl
707 4205 785 4256 Cesar
801 4221 868 4255 cnu-

345 4225 414 4326 lecto
432 4273 526 4324 itinere
543 4275 614 4324 iusto
631 4271 768 4332 consedit,
791 4272 867 4322 Pom·

345 4341 434 4410 peisni
444 4377 453 4401 ,
483 4342 511 4392 iu
529 4339 621 4392 eudem
639 4339 696 4391 loco
714 4349 867 4400 versantes,

346 4415 434 4458 umen
445 4408 473 4457 iu
487 4415 573 4459 veteru
586 4415 682 4470 castre,
700 4419 728 4457 ιιι
739 4411 766 4458 in
779 4410 868 4470 νὶεὶηι,

967 4259 1022 4297 octo
1033 4247 1106 4296 nutu
1122 4263 1191 4316 pass.
1209 4245 1265 4298 Alii
1282 4259 1341 4298 ceto
1351 4247 1457 4300 mr'libsss.

964 4341 1085 4407 prosulit.
1095 4337 1164 4419 Alii,
1176 4341 1204 4420 iu
1217 4339 1314 4410 quibus
1328 4339 1459 4396 Cellsrius

934 4413 961 4462 et
977 4405 1090 4469 Morus,
1105 4407 1219 4460 dem.
1353 4423 1359 4433 ·
