3040 5264
333 296 443 434 ιιιιι.
478 374 520 435 11.
555 375 647 434 cnr.
686 343 860 436 30—33.
1109 343 1171 438 85

65 579 181 666 iacta,
202 577 254 652 sic
270 583 314 652 ut
328 601 442 678 prope
460 601 644 652 summam
662 581 756 675 muri
774 577 992 679 aggerisque
1004 577 1177 653 altitudi-

66 717 151 764 nem
170 695 292 764 acervi
312 718 502 766 armorum
521 695 790 792 adaequarent3
817 703 855 766 et
882 705 1008 766 tamen
1027 695 1178 767 circiter

65 815 171 906 parte
185 806 311 892 tertia,
331 816 372 882 ut
391 817 516 907 postea
535 784 771 908 perspectum
790 815 863 898 est,
878 809 997 882 celata
1012 815 1124 906 atque
1138 813 1179 882 in

41 969 46 991 .
67 923 204 1023 oppido
222 931 385 1012 retenta,
405 926 522 1024 portis
538 925 749 1022 patefactis,
768 949 811 996 eo
831 923 888 996 die
904 947 994 1022 pace
1010 933 1096 996 sunt
1112 927 1180 1000 usi.

144 1038 204 1112 33.
231 1043 308 1112 Sub
326 1029 521 1138 vesperum
539 1041 674 1112 Caesar
691 1046 819 1138 portas
835 1038 955 1112 claudi
972 1040 1182 1138 militesque

68 1177 116 1226 ex
137 1155 275 1252 oppido
301 1157 401 1226 exire
430 1156 558 1244 iussit,
586 1177 630 1226 ne
659 1139 771 1252 quam
800 1149 915 1226 noctu
942 1153 1114 1251 oppidani
1135 1153 1183 1225 ab

67 1265 252 1339 militibus
270 1271 443 1342 iniuriam
464 1273 688 1368 acciperent.
707 1268 898 1358 illi,·ante
919 1269 1033 1356 inito,
1060 1275 1104 1339 ut
1129 1268 1185 1338 in-

67 1382 265 1456 tellectum
282 1393 358 1474 est,
384 1385 560 1471 consilio,
588 1381 686 1480 quod
706 1383 895 1456 deditione
918 1381 1017 1456 facta
1038 1391 1185 1456 nostrus

69 1497 254 1594 praesidia
270 1499 516 1586 deducturos,
535 1506 602 1570 ant
621 1499 779 1594 denique
793 1497 1042 1596 indiligentius
1056 1521 1186 1570 serva-

71 1619 204 1701 turos,
231 1615 490 1704 crediderant,
516 1615 651 1713 partim
679 1639 765 1686 curn
795 1615 874 1702 bis,
903 1639 997 1710 quae
1023 1615 1187 1688 retinue-

70 1737 162 1802 rant
179 1737 218 1804 et
236 1730 470 1814 celaverant,
499 1735 638 1818 armis,
662 1731 801 1827 partim
829 1731 945 1802 scutis
971 1754 1019 1802 ex
1045 1733 1187 1804 cortice

72 1841 186 1916 lactis
212 1849 279 1916 aut
299 1847 500 1918 viminibus
525 1845 696 1932 intextis,
723 1869 818 1941 quae
844 1845 992 1933 subito,
1020 1851 1063 1918 ut
1088 1851 1189 1918 tem-

74 1959 180 2058 poris
193 1960 375 2056 exiguitas
395 1957 627 2057 postulabat,
646 1958 801 2056 pellibus
814 1955 1058 2048 induxerant,
1076 1961 1190 2032 tertia

76 2073 227 2174 vigilia,
246 2097 319 2171 qua
335 2076 485 2147 minime
500 2059 638 2146 arduus
656 2073 701 2145 ad
722 2081 867 2147 nostras
884 2077 1109 2148 munitiones
1128 2075 1191 2147 ad-

76 2209 231 2260 scensus
246 2187 465 2277 videbatur,
488 2187 661 2261 omnibus
680 2189 797 2287 copiis
815 2196 976 2286 repente
988 2213 1030 2260 ex
1056 2189 1191 2289 oppido

77 2304 318 2396 eruptionem
345 2302 527 2380 lecerunt.
558 2302 756 2392 Celeriter,
781 2308 824 2375 ut
850 2309 937 2375 ante
964 2303 1100 2374 Caesar
1125 2304 1194 2374 ime

77 2423 248 2516 perurat,
265 2416 411 2518 ignibus
429 2415 698 2516 significatione
721 2419 843 2509 lacta,
860 2444 907 2492 ex
934 2421 1111 2518 proximis
1133 2447 1196 2492 ca-

78 2530 198 2608 stellis
210 2554 254 2602 eo
268 2555 493 2604 concursum
512 2539 584 2621 est,
599 2539 880 2634 pugnatumque
899 2533 944 2606 ab
958 2533 1126 2606 hostibus
1141 2535 1195 2608 ita

79 2651 248 2737 acriter,
265 2653 310 2720 ut
328 2673 350 2720 a
370 2651 457 2722 viris
484 2649 668 2740 sortibus,
694 2652 732 2723 in
759 2657 928 2723 extrema
952 2677 1017 2750 spe
1043 2651 1196 2740 salutiS,

81 2769 214 2864 iniquo
241 2765 352 2855 loco,
383 2773 516 2839 contra
547 2791 635 2855 eos,
670 2767 733 2863 qui
760 2791 807 2839 ex
833 2766 932 2840 vallo
959 2769 1198 2867 turribusque

82 2879 162 2956 tela
189 2883 372 2968 iacerent,
399 2881 554 2981 pugnari
581 2879 728 2970 debuit,
755 2905 870 2979 quum
897 2881 936 2953 in
958 2907 1030 2954 una
1058 2883 1199 2957 virtute

83 2995 209 3070 omnis
236 3019 316 3094 spes
343 2994 474 3070 salutis
502 2994 734 3071 consisteret.
768 2994 911 3068 Occisis
936 2995 984 3066 ad
1007 2995 1201 3068 bominum

86 3113 239 3186 milibus
274 3117 461 3208 quatuor,
493 3109 625 3206 reliqui
661 3111 697 3182 in
733 3110 911 3208 oppidum
942 3113 1070 3185 reiecti
1103 3119 1203 3194 sunt,

86 3224 274 3306 Postridie
301 3225 378 3296 eius
405 3225 502 3316 diei,
528 3226 698 3297 refractis
727 3226 867 3322 portis,
896 3249 1011 3321 quum
1040 3225 1111 3297 iarn
1139 3225 1206 3298 de·

88 3337 262 3420 lenderet
288 3363 423 3427 nemo,
456 3345 567 3436 atque
594 3341 814 3412 intromissis
841 3339 1020 3410 militibus
1047 3341 1207 3427 nostris,

89 3457 301 3532 sectionem
336 3457 413 3528 eius
448 3455 571 3554 oppidi
612 3458 825 3540 universam
859 3455 994 3536 Caesar
1028 3455 1209 3534 vendidit.

127 3661 288 3712 datianum.
305 3660 329 3710 E
348 3659 478 3730 plerisque
495 3659 570 3712 rodel.
584 3657 621 3711 le·
687 3657 743 3712 cte.
762 3675 809 3728 pro
827 3655 955 3726 Quinctlo
972 3675 994 3709 c.
1013 3665 1036 3722 4.
1208 3707 1211 3712 ,

94 3730 214 3796 gendum
225 3747 275 3776 non
284 3729 439 3788 indrroberor,
451 3728 519 3796 iprnrl
532 3737 556 3778 et
566 3729 623 3778 Ma-
742 3744 799 3785 nuru
811 3729 861 3774 iarn
878 3725 929 3794 desi
946 3743 1025 3774 nemo.
1046 3723 1171 3776 Inseritur
1183 3723 1213 3780 in
1260 3733 1264 3746 '

95 3799 175 3850 nutio
182 3793 623 3846 visumest.n1.sicedideressemal-
701 3745 762 3844 edd.
771 3800 822 3842 vet.
832 3802 930 3858 captum
948 3793 1074 3862 oppidum.
1094 3811 1107 3841 e
1120 3791 1214 3858 glossa.

95 3861 624 3930 dusetR.Stephunns.Parnmiuteresss
726 3864 857 3909 sectionem
881 3885 913 3896 —
938 3859 1057 3908 vendidit.
1086 3859 1214 3916 Constat,

95 3929 186 3984 nalo.
206 3929 326 3980 Alterum
338 3928 535 3996 alteriusglossn
551 3929 607 3980 l'uit.
693 3928 834 3978 sectionem
852 3943 906 3975 esse
923 3925 1006 3988 ritum
1022 3923 1091 3978 hona
1109 3925 1216 3999 publice

134 4001 263 4066 denique,
288 3997 305 4046 i.
325 3999 401 4048 e..iu
426 4013 548 4055 summa,
573 4013 626 4046 uno
694 3991 844 4058 pendendi,
867 3991 911 4042 sed
936 3993 990 4053 ita,
1013 4001 1042 4044 nt
1066 3993 1218 4058 singulatim

98 4064 193 4116 verbo.
219 4063 262 4114 Cl.
288 4063 342 4113 ind.
367 4071 394 4114 et
418 4063 529 4116 Gesneri
547 4062 626 4113 'l'lres-
695 4059 875 4111 distrabantur
896 4060 1024 4110 unctionis
1050 4061 1123 4110 ritu:
1155 4077 1218 4110 num

99 4132 187 4186 L.·la.
206 4131 247 4181 Μ.
265 4129 357 4182 Potius
374 4131 417 4181 hic
434 4131 525 4179 saltem
545 4131 628 4194 sipni·
696 4145 781 4178 secure
803 4127 869 4176 bona
891 4135 932 4178 est
957 4129 985 4178 in
1010 4125 1056 4178 hac
1081 4147 1107 4178 rs
1130 4127 1217 4192 idern,

102 4201 179 4258 fleat,
196 4206 226 4248 ut
237 4197 308 4266 apud
320 4203 446 4248 &nucum
456 4197 488 4248 de
502 4199 538 4250 ira
551 4197 578 4257 3,
591 4199 627 4248 ι·8.
698 4194 770 4264 quud
786 4192 936 4252 distrahere.
956 4197 1021 4263 Ergo
1039 4193 1133 4246 Caesar
1156 4195 1219 4244 uni·

139 4276 308 4325 servaturus,
325 4263 523 4322 observaturos,
545 4273 631 4316 custo·
698 4273 798 4314 uersam
811 4261 888 4313 liuius
902 4259 1009 4332 oppidi,
1024 4261 1147 4331 praedam
1156 4301 1161 4318 ,
1171 4279 1220 4310 ru·

101 4335 220 4388 dirutos.
237 4332 274 4381 M.
699 4331 738 4380 ius
757 4330 893 4407 ‘potissima
911 4335 971 4407 pars
991 4330 1096 4380 fuerunt
1114 4330 1164 4401 ipsi
1176 4345 1221 4377 cu-

140 4411 254 4470 repentr.
274 4397 307 4449 al.
325 4403 466 4470 repentino.
488 4397 542 4450 scil.
567 4407 632 4459 tem-
700 4398 788 4516 Epiri,
811 4395 930 4446 vendidit
952 4395 1053 4468 aliquot
1069 4394 1222 4458 pertransii-

107 4479 184 4543 porr.
206 4476 236 4519 ut
256 4465 344 4520 Plan.
367 4467 461 4521 Pseud.
487 4487 519 4528 r,
540 4483 573 4527 1,
591 4469 632 4530 37.
729 4481 761 4521 rs,
775 4466 821 4534 qui
833 4463 884 4516 dici
896 4473 1009 4534 possunt
1018 4477 1223 4532 entrepreneurr,
