3040 5264
344 383 757 445 truncatura.
803 347 870 445 13.
982 355 986 374 '
1103 390 1189 484 97Ι

52 595 205 655 transtra
222 581 405 681 pedalibus
422 588 459 655 in
478 585 699 658 latitudinem
718 585 873 658 trabibus
892 581 1036 681 confixa
1053 587 1165 662 claois

38 698 200 789 serreiS,
227 697 339 795 drgttt
358 700 501 795 pollicis
527 700 790 773 crassitudine:
816 721 983 788 ancorae,
1005 719 1080 796 pro'
1092 705 1166 795 ju-

51 815 153 886 nibns
168 815 332 908 ,firreis
350 819 484 887 catenis
498 819 700 889 revinctas:
722 817 832 914 polles
854 843 922 914 pro
948 819 1056 906 velis,
1081 818 1121 888 ol
1143 851 1164 872 ..

50 943 172 1026 tneque
186 935 335 1002 tenuiter
347 928 544 1022 corffaotae,
554 935 628 1004 siae
638 943 783 1028 propter
797 933 864 1002 lini
879 935 1037 1027 inopiam
1054 945 1160 1027 atque

50 1051 123 1117 cius
138 1069 227 1118 usus
239 1050 480 1134 inscientiam,
494 1051 569 1119 sire
582 1071 642 1133 eo,
656 1046 753 1144 quod
765 1061 817 1119 est
829 1052 949 1145 magis
963 1049 1163 1137 oeu'sinu'le,

49 1163 144 1262 quod
162 1177 281 1235 tantas
298 1175 520 1260 tempestates
539 1161 672 1236 Oceani
689 1173 873 1260 tantosque
889 1169 1029 1261 inpetus
1048 1181 1165 1240 vento·

50 1303 129 1347 rum
147 1281 336 1365 sustineri,
353 1303 396 1348 oc
414 1290 513 1347 tanta
530 1301 638 1348 onera
656 1281 799 1352 navium
819 1283 900 1375 regi
916 1277 1001 1352 velis
1019 1305 1091 1348 non
1106 1305 1165 1350 sa-

50 1397 94 1460 tis
115 1392 315 1481 commode,
340 1391 613 1463 arbitrabantur.
645 1391 739 1463 Cum
759 1391 815 1462 his
835 1389 993 1462 navibus
1011 1397 1160 1464 nostrae

12 1591 18 1600 ·
51 1504 154 1578 classi
183 1507 363 1579 eiusmodi
392 1530 610 1604 congressus
630 1512 732 1596 erat,
760 1513 803 1577 ut
822 1529 895 1576 uua
915 1503 1106 1576 celeritate
1125 1511 1164 1576 et

51 1623 157 1720 pulsu
176 1647 364 1696 remorum
387 1631 614 1726 praestaret,
641 1622 800 1720 reliqua,
827 1645 894 1720 pro
911 1620 982 1692 loni
1003 1628 1155 1710 natura,

51 1767 115 1837 pro
145 1743 183 1814 vi
211 1747 497 1839 tempestatum,
524 1739 594 1811 illis
621 1744 742 1812 essent
768 1739 915 1836 aptiora
942 1743 980 1810 et
1006 1739 1162 1810 adcom-

51 1855 277 1928 modatiores
306 1878 424 1952 neque
444 1857 540 1926 enim
560 1855 616 1926 his
634 1860 783 1928 nostrae
801 1861 921 1924 rostro
941 1876 1075 1924 nocere
1093 1841 1162 1950 po·

51 1976 199 2056 terant;
227 1975 332 2044 tanta
358 1973 395 2042 in
424 1971 474 2042 eis
502 1976 583 2042 erat
609 1969 826 2042 firmitudo:
863 1993 982 2066 neque
1010 1977 1164 2067 propter

52 2087 285 2160 altitudinem
313 2085 420 2160 facile
447 2084 564 2158 telum
599 2085 866 2175 adiiciebatur,
887 2091 925 2158 et
952 2083 1082 2157 eadem
1118 2085 1164 2157 de

53 2229 178 2278 caussa
202 2206 325 2278 minus
347 2202 544 2276 commode
567 2201 728 2301 scopulis
755 2203 1058 2275 continebantur.
1085 2201 1164 2275 Ac-

53 2323 226 2412 cedebat,
260 2328 327 2410 ut,
359 2345 474 2418 quum
517 2321 658 2394 saevire
685 2327 822 2392 ventus
853 2321 1034 2418 coepisset
1060 2325 1098 2392 et
1125 2345 1163 2392 se

53 2449 163 2518 vento
187 2441 393 2530 dedissent,
419 2445 457 2512 et
485 2443 746 2538 tempestatem
764 2437 907 2518 ,ferrent
932 2435 1098 2526 facilius,
1126 2443 1165 2510 et

74 2663 172 2733 strreis
185 2657 287 2712 catenis.
301 2658 397 2712 Strabo
409 2651 570 2728 L.t.p.195.
636 2653 701 2722 Sine
729 2645 812 2706 dubio
840 2647 976 2719 glossema.
1006 2653 1119 2708 Gmtero
1138 2657 1165 2710 τί

52 2733 103 2781 uela
120 2735 217 2781 eatenis
235 2735 307 2778 tensa
324 2729 412 2777 refert.
430 2725 503 2797 quod
523 2715 571 2778 tal·
633 2723 710 2794 pulsu
728 2723 811 2790 glossa
829 2713 976 2775 videbatur.

52 2818 115 2850 sum.
132 2800 166 2850 cl.
185 2815 242 2867 cap.
261 2813 314 2864 seq.
670 2791 784 2859 scapulis.
813 2789 889 2842 Nihil
918 2789 951 2842 ad
981 2803 1036 2840 rem
1061 2789 1165 2840 saciant

80 2866 217 2935 constetne,
229 2867 279 2914 siae
285 2874 399 2929 propter.
419 2859 473 2913 Atii
488 2859 573 2930 conse-

50 2947 107 2983 ctae.
118 2933 181 2985 Hae
190 2935 242 2982 sive
248 2939 297 2998 pro
315 2933 360 2979 ter.
371 2935 404 2984 '1⁴2'
412 2929 461 2979 lane
470 2929 496 2977 iu
506 2927 573 2980 mul·

52 3000 164 3052 usculd.
177 2999 273 3068 reperit
286 2948 491 3066 dudendorpius
501 2995 572 3047 etsie

52 3067 200 3136 explicavit,
212 3063 469 3135 bacquidemfiebat,·
484 3072 572 3114 tumen

52 3133 571 3270 ttttlttdttttttitt-§fit

52 3269 164 3320 Omnino
184 3267 251 3318 male
269 3267 310 3318 hic
323 3267 463 3318 intrusum.
478 3264 571 3316 delevi.

51 3335 117 3388 ldem
130 3335 201 3388 Ond.
214 3335 277 3387 iecit
295 3334 324 3391 tu
341 3332 403 3384 edit.
421 3333 571 3384 recentiores

81 3409 130 3454 sive
158 3421 217 3466 so,
240 3398 316 3470 quael.
346 3407 379 3456 'ra'
407 3412 468 3450 eae
496 3399 571 3452 codd.

53 3473 142 3542 recepit
158 3467 283 3522 Oudend.

81 3543 142 3588 satis
152 3537 289 3588 oomntode.
302 3531 396 3586 Clnrke
414 3533 489 3586 addit
497 3551 572 3602 posse

52 3605 152 3656 ecodd.
171 3603 272 3655 Abesse
289 3611 378 3672 potest
396 3603 504 3669 inpune.

81 3691 129 3722 urm
151 3673 292 3724 celeritate.
310 3667 394 3720 Coeld.
413 3667 522 3737 quidam
545 3671 573 3720 in

52 3757 114 3800 naa,
139 3737 213 3810 qcrod
242 3735 337 3808 probat
359 3735 466 3786 Wesse.
484 3733 530 3788 Sic
546 3743 573 3786 ct

53 3824 90 3876 sp.
118 3805 222 3858 Lucret·
252 3810 287 3866 5,
318 3801 389 3866 1354.
414 3813 529 3870 praestat
545 3805 573 3852 in

53 3885 112 3924 arte.
134 3875 205 3924 Dein
228 3871 299 3990 apud
328 3871 442 3920 Dionem
461 3857 512 3935 39,
531 3878 573 3932 tr.

53 3937 81 3990 cle
101 3937 216 3992 navibus
268 3939 352 3990 caetis
373 3932 512 4005 legendum
531 3961 573 3990 ra-

54 4012 150 4072 ptem,
168 4023 227 4058 nou
243 4012 370 4073 παχῦητι·
390 4003 410 4052 l·
429 4003 460 4054 C·
478 4003 510 4054 H.
534 4022 572 4054 re·

53 4075 124 4126 scribi
147 4073 223 4126 iubet
244 4085 272 4123 nt
289 4072 351 4124 lanea
375 4071 427 4121 iilis
444 4070 573 4121 celeritate
610 4113 613 4120 .

54 4150 76 4190 n
99 4160 159 4193 mon
184 4139 236 4209 legi
259 4159 291 4190 ne
309 4157 338 4190 ae
359 4142 426 4188 enim
444 4137 496 4188 illis
514 4155 573 4187 nos·

54 4207 223 4326 {rag-tcto&
251 4209 289 4258 mi
312 4207 334 4268 '‚
350 4205 488 4272 vulgatum
504 4202 572 4256 bene

71 4295 152 4409 apuilia
168 4358 308 4394 remorum.
326 4339 358 4392 In
375 4337 433 4391 cod.
451 4355 497 4390 suo
519 4335 573 4388 Cu-

55 4409 128 4464 iatius
148 4409 273 4462 additum
294 4408 392 4478 reperit
416 4409 573 4456 incitatione.

637 2857 747 2930 scopuli.
776 2857 843 2926 Ergo
873 2859 1008 2908 verissima
1037 2863 1077 2908 cst
1105 2875 1165 2908 sen-

637 2927 720 2978 tentia
754 2916 943 2990 Hotomnnni‚
983 2925 1030 2994 qui
1066 2925 1163 2992 copulis

637 2994 686 3063 legi
711 2991 803 3043 voluit.
826 2991 942 3062 Copulns
966 2999 1056 3044 autem
1082 2991 1163 3041 inter-¹

638 3068 758 3132 pretatur
783 3073 877 3112 munus
896 3060 1010 3119 ferrens,
1031 3069 1075 3109 se'u
1101 3056 1165 3107 hara

639 3145 767 3200 paganos,
790 3125 817 3178 h.
843 3146 864 3178 c.
883 3144 1000 3185 asseres,
1023 3143 1093 3177 unco
1111 3123 1165 3186 ser-¹

639 3205 682 3247 ien
706 3192 852 3264 praefixos,
876 3195 922 3264 qui
946 3191 1056 3243 navibus
1074 3191 1166 3244 iniecti

638 3281 681 3314 ens
708 3261 790 3313 veluti
817 3269 896 3312 maun
922 3258 1063 3329 prehensas
1093 3269 1165 3308 terw-

638 3329 713 3382 hant.
738 3327 853 3380 Possunt
876 3328 974 3378 tirones
997 3325 1078 3392 lesere
1106 3325 1164 3375 Lir.

639 3397 691 3462 30,
715 3409 752 3447 to.
772 3383 840 3446 Flor.
858 3411 891 3451 2,
916 3413 947 3455 2,
975 3409 998 3460 9.
1016 3381 1165 3444 l'mbnrunt

637 3465 727 3517 Duris.
751 3471 777 3514 et
798 3461 967 3531 Oudendorp.
991 3460 1057 3511 hunc
1074 3459 1165 3510 conie-

638 3541 758 3592 cturam,
779 3529 882 3581 etiamsi
899 3521 990 3598 copula
1020 3525 1095 3578 nullo
1113 3525 1166 3576 alio

638 3599 695 3650 loen
714 3598 763 3651 hac
780 3596 968 3664 significatione
985 3593 1096 3646 dicatur.
1114 3591 1176 3660 La·¹

638 3667 762 3720 boratum
781 3681 835 3716 csse
853 3663 881 3713 in
900 3679 977 3721 sensu
995 3659 1065 3720 loci,
1084 3661 1165 3710 etium

638 3728 700 3784 inde
723 3731 905 3798 cognoscitur,
930 3729 989 3798 quia
1008 3727 1166 3778 recentiores

639 3801 793 3850 incommode
842 3817 870 3848 ro
904 3795 1033 3845 commode
1060 3792 1166 3860 vrrlgnrc

639 3873 788 3936 coeperant.
819 3815 873 3914 il:
892 3863 1000 3914 Vossius
1030 3859 1165 3928 vulgatum
1224 3917 1225 3920 Ἴ

639 3943 747 3992 tuetur,
765 3931 896 4002 [sistatque
914 3937 1021 3998 propter
1046 3927 1165 3980 altitudi-

639 4014 701 4052 nem
724 4008 751 4050 et
776 3995 946 4048 latiuulinem
963 4013 1015 4046 non
1035 3993 1166 4044 commode

640 4071 658 4119 t'-
681 4086 704 4118 e.
733 4084 788 4117 non
817 4063 889 4116 suclle
904 4100 913 4125 ‚
941 4066 965 4118 ot
988 4069 1088 4137 ῥᾳδίως,
1106 4079 1166 4110 (Μ’

640 4147 724 4186 tentas
736 4151 777 4184 soa
795 4131 853 4182 ulis.
873 4132 981 4183 Rectius
993 4133 1080 4184 forsan
1094 4129 1165 4180 Han-

639 4203 694 4255 sius
705 4199 740 4252 ob
752 4152 884 4270 pliniores
896 4199 1007 4252 carinus.
1025 4204 1058 4254 Ta'
1070 4201 1165 4249 incom-

639 4271 712 4320 mode
729 4267 839 4320 intrusit
855 4265 978 4333 Scaliger.

673 4348 697 4386 et
709 4353 736 4386 se
753 4347 828 4386 vento
839 4335 974 4386 «tulissent.
987 4333 1081 4387 Glossa
1094 4332 1165 4386 ricle-

639 4411 684 4454 tur
702 4421 765 4455 esse.

149 4503 308 4576 CAESAR.
334 4501 529 4573 Commeat.
556 4499 664 4570 Tom.
692 4499 720 4569 l.
928 4495 963 4570 N
