3040 5264
283 299 285 302 ⁵
372 348 452 408 mn.
485 349 513 407 1.
546 347 640 407 cnr.
677 315 852 433 48-51.
1106 313 1166 408 55

52 549 222 650 utrisque
249 549 374 650 copias
391 573 476 624 suas
493 549 647 646 eduxit3
665 549 908 652 paullumque
927 577 949 627 a
969 551 1178 630 maioribus

51 687 294 767 progressus,
307 665 425 738 aciem
439 667 617 740 instruxit
631 665 878 766 hostibusque
897 667 1085 768 pugnandi
1110 691 1177 766 po·

51 783 231 852 testatem
253 779 355 853 fecit.
388 779 461 852 Ubi
489 805 535 852 ne
563 785 648 853 tum
675 781 828 879 quidem
854 805 917 856 eos
943 782 1091 883 prodire
1117 783 1174 854 in-

51 890 213 986 tellexit,
225 893 377 968 circiter
389 892 582 968 meridiem
595 896 805 970 exercitum
819 897 857 968 in
872 901 995 969 castra
1010 894 1175 970 reduxit.
1286 891 1291 902 '

52 1012 156 1086 Tum
183 1010 336 1086 demum
366 1010 579 1086 Ariovistus
605 1019 752 1109 partem
776 1034 929 1084 suarum
961 1013 1176 1112 copiarum,

51 1149 153 1223 quae
166 1132 290 1200 castro
305 1126 450 1202 minora
468 1125 728 1226 obpugnaret,
748 1127 850 1200 misit
866 1153 875 1196 ι
890 1127 1028 1202 acriter
1043 1129 1177 1200 utrim-

53 1263 129 1337 que
157 1239 341 1338 usquead
365 1263 562 1341 vesperum
587 1247 798 1341 pugnatum
827 1245 895 1314 cst.
925 1237 1022 1312 Solis
1038 1261 1175 1312 occasu

55 1377 144 1426 suas
165 1356 292 1454 copias
317 1355 552 1445 Ariovistus,
576 1354 707 1428 multis
737 1359 777 1428 et
798 1353 924 1427 inlatis
942 1359 982 1426 et
1009 1356 1175 1452 acceptis

53 1468 303 1560 vulneribus,
340 1471 380 1544 in
415 1477 539 1544 castra
568 1471 732 1545 reduxit.
776 1473 906 1563 Quum
933 1493 979 1543 ex
1009 1471 1172 1568 captivis

53 1591 254 1680 quaereret
283 1583 443 1674 Caesar,
461 1609 575 1684 quam
606 1585 655 1658 ob
672 1609 753 1658 rem
771 1585 1005 1674 Ariovistus,
1031 1583 1174 1682 proelio

51 1727 130 1776 non
160 1702 382 1792 decertaret,
400 1702 498 1776 hanc
518 1702 729 1800 reperiebat
755 1725 939 1792 caussam,
957 1701 1057 1798 quod
1073 1699 1174 1802 apud

53 1821 262 1895 Germanos
293 1845 336 1894 ea
369 1815 602 1894 cousuetudo
628 1825 744 1904 esset,
773 1825 982 1894 utmalros
1008 1817 1173 1894 familiae

47 1963 186 2014 eorum
211 1937 374 2012 sortibus
401 1941 441 2009 et
467 1934 799 2009 vaticinationibus
826 1935 1086 2029 declararent,
1124 1961 1174 2011 u-

52 2061 158 2130 trum
184 2054 367 2155 proelium
392 2051 579 2126 committi
608 2075 655 2124 ex
682 2077 752 2124 usu
778 2059 894 2144 esset,
922 2079 989 2127 nec
1017 2080 1084 2128 ne:
1105 2079 1171 2130 eas

50 2171 105 2246 ita
125 2171 264 2245 dicere:
293 2193 367 2244 non
386 2191 463 2242 esse
482 2165 556 2256 fas,
575 2166 785 2240 Germanos
803 2191 997 2267 superare,
1023 2170 1055 2242 si
1080 2176 1170 2245 ante

52 2309 194 2358 novam
219 2283 346 2358 lunam
373 2279 514 2382 proelio
539 2279 830 2356 contendissent.

131 2397 193 2470 51.
219 2394 400 2472 Postridie
426 2397 505 2470 eius
531 2395 602 2470 diei
629 2396 766 2470 Caesar
791 2394 975 2496 praesidio
1000 2395 1170 2494 utrisque

85 2661 103 2693 α
132 2642 278 2694 maiorm.
301 2639 422 2712 Plerique
446 2637 533 2714 codd..
548 2645 577 2692 et
642 2637 765 2694 Clemens
786 2639 864 2698 Alex.
890 2640 990 2696 Strem.
1012 2658 1022 2692 r
1034 2679 1045 2712 ,
1069 2645 1121 2705 15,
1138 2661 1168 2714 p.

52 2708 112 2762 edd.
130 2707 232 2762 addunt
248 2715 348 2760 castris.
366 2709 454 2761 Recta.
471 2707 514 2760 M.
642 2705 702 2758 30⁵.

65 2777 153 2855 ¹suprad
177 2777 321 2828 Gerrrtolsoe
342 2775 503 2826 consuetedo.
527 2773 576 2825 At·

51 2851 166 2923 ugerunt
188 2842 256 2896 boue
279 2842 497 2922 consuetudinem
519 2840 576 2894 l'lu·

50 2909 181 3044 itsstt?
198 2907 577 3048 titulatus

50 3043 170 3096 Caesaris
181 3063 239 3096 cum
258 3045 390 3098 Ariovisto
406 3041 575 3097 describitur.
619 3083 623 3100 .

50 3111 90 3164 De
104 3109 259 3165 mulieribus
276 3110 318 3165 bie
335 3111 468 3173 fatidicis,
480 3109 575 3191 quibus

48 3195 148 3230 nomen
160 3177 318 3233 Alruuarurn
334 3197 380 3232 seu
396 3178 576 3232 Alironrarurn

49 3251 97 3310 (v.
115 3245 257 3300 wicberti
269 3245 386 3300 Glosser.
404 3247 527 3300 German.
545 3246 575 3298 iu

50 3329 76 3364 r.
104 3313 263 3378 Ale-arinen)
279 3359 282 3366 ,
297 3314 378 3367 fuisse
412 3312 572 3386 perbibent,

49 3381 102 3450 egit
116 3379 256 3452 Keyslerus
271 3379 397 3460 pendiarl
418 3381 576 3452 ‹lisputatio-

49 3463 82 3498 ne
112 3449 143 3499 in
173 3449 229 3500 enti
268 3447 377 3502 iuribus
405 3448 508 3504 selectis
531 3466 575 3500 se·

49 3465 458 3633 premotonuibueeeceleicis,
476 3525 503 3568 et
549 3523 575 3568 st

67 3601 121 3660 unc
143 3581 292 3662 Schedius,
313 3583 359 3653 qni
377 3581 410 3636 de
427 3583 486 3636 Diis
533 3602 575 3660 'r-

48 3665 136 3769 itt:
157 3653 487 3797 bt⁹i‡.’..,⁰·.t³ni’.b
507 3651 573 3796 tt:

48 3803 120 3836 man.
145 3803 169 3837 e.
191 3788 215 3838 8.
240 3793 289 3837 eut
307 3795 464 3856 interpretes
486 3785 574 3838 Taciti

48 3849 81 3904 erl
105 3850 178 3904 Hier.
205 3859 229 3918 4.
258 3854 298 3904 61.
316 3851 369 3906 Sed
386 3853 457 3906 lectu
474 3851 574 3923 dignis·

48 3920 116 3970 elma
134 3927 176 3970 est
191 3917 340 3990 disputatio
357 3919 452 3972 llitteri
469 3919 503 3972 de
531 3919 573 3973 bis

48 3985 219 4052 Druidiesie,
238 3991 321 4052 (nam
339 3996 366 4039 et
382 3989 421 4040 sic
438 3986 574 4058 adpellan-

48 4058 111 4118 tur)
129 4053 229 4106 inserta
246 4053 375 4108 Historiae
391 4053 527 4109 Gallormn
545 4073 572 4124 p.

49 4126 107 4174 281.
131 4121 176 4173 M.
200 4121 318 4210 exempla
335 4121 403 4178 dent
419 4121 518 4174 Veleia
546 4129 573 4173 ct

50 4189 164 4240 Aurinia
185 4187 259 4258 apud
286 4189 417 4242 lumbum:
443 4191 490 4259 qui
514 4201 572 4240 tnn-

65 4275 126 4306 uam
143 4255 213 4306 Deus
229 4274 283 4307 esse
291 4259 380 4329 justas
397 4257 503 4310 adserit.
524 4256 573 4310 Po·

59 4341 159 4391 yaenus
176 4323 259 4375 Strui.
277 4327 301 4376 8.
321 4321 361 4376 23.
379 4325 417 4378 rel
434 4325 575 4391 meminit,

51 4391 96 4445 ssd
117 4407 169 4464 pro
192 4390 300 4448 leminis
325 4391 394 4448 viros
420 4393 517 4464 pouit,
548 4401 576 4448 ct

666 2785 788 2857 scurriliae
805 2806 819 2840 e
835 2789 911 2842 codd.
929 2789 1029 2858 recepit
1051 2788 1164 2843 Ouden-

641 2851 750 2924 dorpius
773 2873 821 2925 pro
847 2859 916 2928 vulg.
932 2856 1074 2925 familiae:
1104 2873 1168 2910 uam

642 2927 784 2992 utrumque
801 2923 904 2980 dicitnr.
923 2931 968 2982 M.

674 3017 794 3068 sortitur.
810 3019 899 3074 Sortes
916 3030 979 3075 sunt
994 3015 1167 3074 divinationis

643 3100 723 3162 penus
748 3103 808 3138 cum
831 3087 921 3142 literae
969 3097 1066 3146 uotae,
1095 3083 1174 3138 (liele
1291 3133 1295 3141 ,

642 3154 768 3222 inscripta
795 3153 885 3222 loliis,
903 3126 986 3221 tolie,
1009 3153 1099 3223 ligno,
1117 3151 1167 3202 sci·

641 3217 732 3286 dulis,
759 3221 844 3274 mixta
873 3233 921 3275 rut
942 3240 1066 3275 concussa
1094 3217 1168 3270 exbr-

641 3283 738 3339 bantur
770 3288 828 3353 iis,
857 3291 902 3360 spui
928 3289 997 3342 Deos
1026 3285 1167 3342 consulunt

641 3363 693 3421 ut,
710 3353 783 3434 quod
795 3358 912 3426 primum
928 3357 1013 3408 veluti
1025 3355 1166 3407 sortitione

640 3421 756 3487 exient,
785 3431 831 3475 eut
859 3431 1020 3504 protractum
1049 3423 1085 3474 sit
1134 3419 1165 3474 id

641 3456 1167 3611 meinbirinttittltf

640 3625 706 3676 nino
720 3643 760 3676 res
797 3640 843 3676 nra
860 3625 958 3677 Divina
975 3624 1099 3676 dictentur
1111 3641 1165 3673 sor·

639 3699 688 3743 tce.
709 3709 734 3743 r.
782 3691 844 3762 ipsii
868 3691 956 3744 Electa
975 3711 1013 3756 α,
1035 3708 1071 3742 12.
1089 3689 1165 3755 liupo

639 3757 673 3812 de
697 3761 782 3829 prime
805 3756 939 3812 scribendi
962 3759 1060 3827 origine
1080 3774 1104 3809 c.
1123 3759 1165 3808 2⁶.

661 3862 668 3875 .
698 3827 755 3890 237.
784 3825 825 3878 ed.
854 3825 943 3878 Trota.
973 3833 1001 3877 et
1024 3825 1052 3875 in
1090 3823 1165 3876 rimis

638 3843 698 4013 llere
715 3891 780 4010 Igple
797 3891 831 3946 de
848 3892 980 3959 macellis,
998 3842 1121 3964 plurillus
1135 3891 1165 3944 in

650 3979 712 4015 ocis.
753 3995 760 4010 .

639 4038 887 4177 uzilssppnpsssss,
905 4055 959 4094 non
976 4037 1053 4092 licere
1071 4057 1118 4110 per
1130 4057 1165 4090 re·

669 4189 804 4256 praestitio
833 4215 866 4230 —
890 4189 1004 4258 reliquit.
1030 4186 1097 4240 bene
1128 4189 1165 4242 sic

641 4255 1031 4394 ibiditbciiildgoupirielidiloi
1042 4271 1165 4380 'velli-eiii

640 4405 689 4446 cto.
