3040 5264
692 349 750 410 ΠΕ
782 347 918 412 BELLO
952 355 1074 414 ciui..

331 335 394 436 40

329 555 463 656 ana‘cos
499 551 633 652 Populi
660 555 816 628 Romani
851 554 1081 652 defenderet,
1119 581 1197 632 sese
1227 557 1448 634 Aeduorum

330 670 483 739 iniurias
513 671 583 738 non
607 671 863 768 neglecturum.

382 779 443 854 36.
463 777 520 853 Ad
538 779 630 853 haec
659 783 866 857 Ariovistus
884 785 1105 884 respondit.-
1136 769 1201 860 Ius
1232 813 1310 862 esse
1340 787 1454 876 belli,

331 908 397 981 ut,
431 898 496 991 qai
525 899 722 982 vicissent,
748 901 820 987 iis,
854 927 943 996 quos
988 907 1186 991 vicissent,
1215 901 1456 1000 quemadmoa

331 1011 418 1084 dum
452 1010 599 1094 vellent,
643 1016 882 1109 imperarent:
916 1009 1002 1088 item
1032 1016 1212 1115 Populum
1243 1017 1455 1090 Romanum

331 1133 434 1205 victis
451 1154 521 1200 non
538 1127 587 1200 ad
600 1129 747 1202 alterius
763 1135 1050 1228 praescriptum,
1070 1131 1137 1204 sed
1151 1132 1323 1206 adsuunt
1349 1135 1455 1206 orbi-

331 1249 468 1332 trium,
503 1247 679 1340 imperare
703 1269 901 1317 consuesse.
933 1241 973 1314 Si
1003 1250 1080 1340 ipse
1110 1245 1249 1340 Populo
1281 1247 1452 1319 Romano

333 1381 405 1428 non
424 1355 710 1454 praescriberet,
735 1357 1033 1454 quemadmodum
1065 1384 1132 1431 suo
1158 1365 1237 1432 iure
1261 1373 1452 1452 uteretur3

333 1499 405 1546 uon
433 1486 591 1570 oportere
613 1497 690 1546 sese
719 1501 742 1544 a
777 1475 917 1576 Populo*
946 1475 1108 1547 Romano
1139 1479 1178 1547 in
1204 1502 1270 1548 suo
1299 1481 1379 1552 iure
1396 1483 1456 1550 in·

331 1591 459 1690 pediri.
494 1588 637 1661 Aeduos
671 1589 768 1672 sibi,
800 1597 968 1688 quoniam
989 1591 1073 1664 belli
1094 1589 1282 1688 fiortunom
1314 1609 1452 1668 tentas·

334 1721 412 1782 sent
437 1719 472 1779 et
507 1710 620 1778 armis
656 1711 844 1805 congressi
871 1733 916 1778 ac
948 1713 1110 1804 superati
1141 1724 1287 1799 essent,
1318 1717 1457 1810 stipen-

336 1821 471 1894 diarios
497 1845 574 1894 esse
601 1818 730 1906 factos.
761 1821 938 1920 Magnam
970 1820 1158 1894 Caesarem
1190 1827 1363 1896 iniuriam
1374 1825 1458 1918 fa-

337 1965 438 2026 cere,
456 1943 520 2037 oui
535 1963 599 2009 suo
617 1937 769 2011 odvemu
787 1938 975 2037 vectigalia
998 1936 1069 2010 sibi
1087 1937 1262 2012 deteriora
1291 1941 1452 2035 faceret.

338 2055 475 2136 Aeduis
508 2080 546 2127 se
581 2053 718 2126 obsides
751 2052 973 2126 redditurum
1003 2079 1073 2124 non
1104 2079 1210 2143 esse,
1235 2082 1347 2155 neque
1376 2063 1458 2147 iis,

339 2195 450 2270 neque
478 2194 601 2242 eorum
629 2172 739 2240 sociis
768 2171 904 2239 iniuria
938 2167 1068 2240 bellum
1100 2169 1325 2259 inlaturum,
1351 2175 1389 2242 si
1417 2177 1459 2248 in

339 2297 609 2372 comanerent,
635 2281 731 2379 quod
754 2285 1001 2368 convenisset,
1030 2283 1316 2382 stipendiumque
1350 2301 1459 2382 quot-

341 2407 445 2474 annis
472 2401 692 2499 penderent:
722 2400 758 2470 si
779 2396 821 2468 id
843 2423 913 2468 non
925 2394 1138 2490 fecissent,
1171 2399 1279 2499 longe
1303 2401 1460 2494 iissre-

338 2527 478 2588 ternum
513 2538 640 2584 nomen
675 2511 808 2609 Populi
830 2510 990 2585 Romani
1016 2511 1216 2599 afuturum.
1252 2513 1358 2614 Quod
1383 2518 1462 2589 sihi

340 2631 472 2702 Caesar
503 2630 761 2712 denunciant,
798 2653 839 2702 se
872 2627 1080 2700 Aeduorum
1107 2614 1260 2702 iniurias
1295 2656 1365 2704 non
1394 2659 1461 2706 ne·

335 2748 564 2845 plectarum
602 2749 777 2816 neminem
818 2768 939 2817 secum
970 2749 1048 2818 sine
1082 2771 1150 2817 suo
1176 2751 1335 2843 pernicie
1365 2775 1460 2822 con-

339 2861 503 2932 tendisse.
529 2861 648 2960 Quum
679 2860 805 2947 vellet,
831 2859 1134 2958 congrederetur3
1164 2863 1459 2952 intellecturam,

339 2977 430 3074 quid
451 2981 577 3052 invicti
603 2977 773 3050 Germani
784 3033 795 3067 ,
833 2984 1125 3078 exercitatissimi
1154 2983 1194 3052 in
1227 2985 1368 3070 armis,
1392 2986 1462 3079 qui

373 3328 428 3362 sese
438 3310 504 3363 Aee.
513 3315 590 3362 iniur.
598 3310 648 3362 Est
658 3313 781 3390 repetitio
794 3313 864 3382 prio·

340 3379 377 3431 ris
392 3379 464 3429 illius
476 3397 544 3438 sese,
564 3379 635 3448 quod
647 3377 693 3429 alii
705 3381 861 3439 omiserant,

301 3501 304 3510 1
341 3445 388 3497 alii
401 3447 430 3496 in
442 3451 506 3496 scire
518 3465 545 3497 sc
561 3466 588 3498 se
604 3455 743 3498 mutarent.
754 3447 795 3497 M.

374 3532 426 3563 nou
438 3513 620 3580 neglecturum.
633 3514 671 3563 De
689 3512 737 3566 hec
749 3515 823 3565 omni
836 3532 863 3565 re

341 3577 393 3632 Dio
403 3579 510 3632 Cassius
521 3583 565 3637 38.
585 3579 626 3644 34.
639 3589 744 3641 monet,
767 3579 864 3634 Caesa-

340 3665 397 3698 rem
417 3645 480 3700 hoec
497 3649 629 3700 Ariovisto
646 3645 796 3702 nuncianda
819 3667 864 3701 cu-

341 3733 426 3776 rasse,
438 3732 491 3766 non
504 3724 560 3766 tam
572 3724 602 3766 ut
616 3725 740 3768 terrorem
752 3715 777 3766 ei
790 3717 864 3768 incu-

341 3789 425 3844 teret,
443 3799 522 3860 quem
545 3791 574 3832 ut
594 3801 656 3833 cum
676 3783 808 3841 irritaret,
837 3793 864 3834 et

340 3846 389 3900 hac
406 3856 506 3900 ratione
531 3847 632 3901 bellum
650 3859 783 3919 captaret:
804 3869 864 3902 om-

342 3917 484 3967 uinoenim
492 3915 630 3968 Caesarem
649 3917 755 3988 quidvis
769 3917 863 3984 egisse,

344 3991 376 4032 ut
391 3981 464 4034 aliud
482 4002 514 4046 es
530 3982 582 4035 alio
598 3982 700 4038 beilum
715 3993 864 4036 necteretur

342 4050 372 4100 in
389 4049 484 4102 Gallie.
501 4049 541 4102 Ci.
556 4049 620 4102 ibid.
630 4071 651 4103 c.
662 4050 703 4101 31.
713 4060 740 4102 et
751 4051 863 4103 Sueton.

342 4113 394 4166 lul.
403 4134 425 4168 c.
436 4125 475 4180 24.
484 4113 551 4186 Ergo
558 4117 618 4170 iliae
626 4137 716 4169 omnes
728 4119 865 4186 speciosis-

344 4183 424 4235 simae
435 4201 552 4245 caussae,
565 4204 631 4254 qum
643 4203 724 4254 supra
741 4204 762 4237 c.
772 4183 805 4236 33
817 4203 862 4235 ex-

345 4256 446 4320 positae
465 4259 540 4312 sunt,
556 4273 571 4304 a
584 4249 692 4303 Caesare
718 4253 860 4321 scriptore,

344 4315 607 4436 nimioffiligerandi
616 4318 704 4372 studio
716 4327 864 4388 praetentae

343 4393 415 4438 tunt.
460 4419 467 4434 .

964 3317 1033 3365 item.
1043 3312 1077 3364 el.
1086 3313 1185 3364 itidem.
1195 3312 1227 3366 al.
1237 3311 1305 3365 male
1317 3313 1395 3364 idem.

959 3445 1113 3518 sratnnom
1127 3465 1227 3498 nisinen.
1238 3447 1279 3499 Ci.
1289 3465 1311 3498 e.
1322 3446 1364 3498 33.
1374 3447 1465 3514 Vulgo

930 3505 1045 3634 leffium
1064 3515 1142 3593 drenge
1163 3515 1196 3565 ab
1219 3515 1260 3565 his
1295 3515 1406 3596 ism·-
1428 3537 1461 3554 -ι

932 3599 958 3632 vi
980 3581 1051 3632 ,ιιιιὶι
1063 3600 1089 3632 ιιι
1106 3583 1193 3632 abesse
1210 3581 1252 3633 M.
1282 3601 1390 3642 acrinus,
1408 3583 1463 3636 Ur·

932 3651 1006 3701 sinus
1018 3658 1046 3700 et
1057 3647 1166 3728 Lipsius
1178 3648 1260 3726 Eiect.
1271 3667 1299 3708 2,
1322 3669 1359 3717 19·
1369 3649 1464 3768 ἱείιιιιῑ

932 3715 1088 3785 tangetitsj.
1098 3735 1123 3766 n.
1133 3715 1165 3766 P.
1180 3717 1344 3784 R3tumrum,
1356 3727 1401 3768 ut.
1420 3736 1463 3768 cu.

936 3800 985 3842 12,
1008 3789 1047 3834 52.
1071 3783 1272 3900 tempestuosa
1290 3784 1383 3834 dictor
1402 3789 1464 3834 erit.

932 3851 985 3904 Sed
998 3850 1102 3920 vulgato
1125 3852 1192 3901 ectio
1204 3851 1272 3902 bone
1285 3848 1380 3901 hahet.
1398 3853 1463 3902 nixo

932 3916 1095 3970 membranis
1113 3927 1139 3967 et
1159 3917 1218 3970 edd.
1232 3925 1283 3968 vet.
1299 3919 1344 3970 sie
1360 3920 1388 3970 et
1399 3921 1463 3970 sta·

933 3987 987 4037 tius
1006 3983 1091 4036 'rhen
1107 3983 1138 4036 3.
1156 3987 1213 4035 666.
1229 3983 1326 4034 Procul
1340 3983 1403 4035 denec
1416 3984 1464 4034 tibi

931 4053 1019 4102 mollis
1035 4053 1120 4102 insola
1138 4050 1295 4121 terrificique
1311 4053 1396 4102 aberit
1415 4053 1463 4102 de-

931 4131 1027 4170 mentia
1055 4119 1160 4170 letorii.
1180 4119 1201 4169 l.
1222 4119 1251 4171 C.
1262 4119 1294 4170 Η.
1305 4118 1383 4170 malit
1401 4118 1463 4172 heic

932 4187 1009 4256 longe
1020 4187 1052 4236 ab
1063 4205 1125 4236 sese.

966 4317 1109 4389 afiarta-um.
1137 4320 1181 4400 Sic
1211 4319 1289 4388 probi
1317 4319 1397 4374 codd.
1417 4319 1461 4372 Ci-

933 4385 1067 4441 Drakenb.
1078 4387 1110 4441 ud
1124 4389 1221 4442 Silium
1238 4387 1286 4440 13.
1301 4392 1369 4446 268.
