3060 5276
1077 373 1170 490 483

245 395 250 408 ¹
370 401 479 484 ιιι.
514 401 572 461 ιιι.
608 402 698 462 cir.
736 365 842 462 6-8.

113 620 153 695 7'.
186 601 280 676 Erat
321 603 425 678 Orici
463 605 660 678 Lucretius
697 604 862 703 Vespillo
905 610 943 678 et
982 601 1169 684 Minucius

50 715 185 790 Rufus
211 740 298 790 curn
325 719 496 793 Asiaticis
525 719 682 791 navibus
713 703 997 818 duodeviginti,
1031 724 1168 816 quibus

50 833 165 907 iussu
190 833 236 906 D.
263 833 375 906 Laelii
401 841 621 932 praeerant3
647 835 700 906 M.
719 833 872 908 Bibulus
899 851 985 908 cum
1013 839 1173 912 navibus

51 946 128 1021 CX
154 945 352 1042 Corcyrae.
378 948 451 1022 Sed
477 971 594 1046 neque
624 947 697 1037 illi,
723 947 790 1022 sibi
817 946 965 1039 confisi,
991 971 1037 1022 ex
1055 955 1171 1048 portu

47 1062 207 1164 prodire
232 1070 320 1137 sunt
346 1065 449 1154 ausi,
481 1087 598 1168 quum
620 1057 939 1138 Caesar‘omnino
966 1063 1167 1142 duodecim

51 1200 177 1270 naves
212 1175 342 1279 longas
381 1177 562 1277 praesidio
589 1177 781 1262 duxisset,
819 1178 858 1250 in
893 1177 1027 1274 quibus
1061 1185 1170 1256 erant

51 1294 273 1363 constratae
301 1298 486 1388 quatuor:
514 1315 631 1389 neque
657 1289 836 1381 Bibulus,
861 1290 1033 1389 inpeditis
1060 1293 1169 1366 navi-

50 1405 130 1477 bus
157 1403 399 1505 dispersisque
424 1409 654 1507 remigibus,
689 1399 778 1482 satis¹
803 1413 951 1480 mature
976 1409 1170 1499 occurrit,

52 1520 161 1620 quod
187 1524 288 1628 prius
314 1523 359 1595 ad
386 1515 642 1597 continentem
671 1525 770 1597 visus
796 1529 854 1596 est
875 1524 1031 1611 Caesar,
1056 1547 1170 1622 quarn
1203 1595 1213 1615 „

52 1635 104 1707 de
131 1635 410 1737 eiusadventu
436 1637 535 1712 lama
561 1639 713 1711 omnino
738 1639 777 1710 in
802 1661 863 1710 eas
889 1639 1056 1738 regiones
1086 1662 1170 1738 per·

54 1751 233 1824 ferretur.
280 1789 283 1800 =

111 1863 148 1936 8.
173 1864 360 1964 Expositis
384 1863 585 1956 militibus,
617 1890 730 1940 naves
764 1866 893 1942 eadem
913 1874 1024 1944 nocte
1050 1868 1170 1944 Brun·

56 1975 245 2053 disium'a
270 1967 425 2054 Caesare
450 1983 721 2071 remittuntur,
747 1991 791 2080 ut
815 1982 977 2080 reliquae
1003 1983 1166 2085 legiones

54 2098 320 2194 equitatusque
346 2097 589 2195 transportari
616 2103 776 2195 possent.
802 2097 900 2200 tluic
919 2098 1042 2172 officio
1060 2125 1165 2200 prae-

53 2213 202 2310 positus
227 2217 308 2284 eret
333 2210 459 2284 Fufius
483 2209 670 2298 Kalenus,
695 2211 882 2310 Legatos,
904 2213 966 2309 qui
994 2211 1168 2289 celerita-
1240 2237 1247 2248 ·

53 2333 137 2400 tem
175 2328 214 2398 in
255 2313 551 2424 transportandis*
584 2323 790 2422 legionibus
830 2325 1033 2402 adhiberet.
1092 2331 1167 2408 Sed

55 2444 173 2518 serius
191 2468 213 2517 a
231 2449 331 2516 terra
348 2446 547 2541 provectae
574 2463 712 2530 naves,
738 2465 857 2538 neque
875 2466 962 2516 usae
983 2451 1168 2521 nocturna
1266 2537 1272 2549 ι

55 2585 179 2648 aura,
216 2560 254 2634 in
291 2556 479 2632 redeundo
519 2554 776 2630 obfenderunt.
848 2556 1001 2634 Bibulus
1039 2565 1165 2653 enirn,

56 2679 245 2773 Corcyrae
281 2673 564 2750 certiorfactus
591 2672 635 2745 de
662 2672 828 2747 adventu
858 2677 1051 2769 Caesaris,
1084 2704 1163 2779 spe·

53 2816 167 2881 rans,
202 2781 316 2866 alicui
347 2813 384 2862 se
410 2788 506 2887 parti
534 2793 755 2862 onustarum
781 2791 935 2862 navium
961 2815 1160 2868 occurrere

52 2930 184 3008 posse,
208 2905 380 2979 inanibus
397 2902 563 2976 occurrit
588 2909 646 2988 et,
674 2911 807 2987 nactus
825 2907 973 2982 circiter
991 2909 1162 3012 triginta,

53 3027 97 3098 in
123 3045 189 3128 eas
209 3019 457 3122 indiligentiae
483 3041 571 3092 suae
597 3043 642 3092 ac
668 3017 804 3094 doloris
828 3021 1021 3098 iracundia
1039 3029 1163 3125 erupit

55 3279 205 3336 Cellsriuns.
224 3277 321 3332 Velox
337 3277 394 3332 solo
411 3277 519 3332 Lucano
536 3294 577 3330 res

54 3359 98 3404 est
114 3347 259 3403 manifesta.

91 3445 167 3497 Erat.
184 3441 228 3497 Sic
243 3443 319 3498 codd·
347 3443 388 3498 lta
405 3451 433 3496 et
449 3443 482 3496 C:
499 3453 534 3509 ις
551 3457 576 3494 2.

57 3510 197 3566 lucrandis
213 3512 341 3563 Antonius
357 3522 384 3562 st
401 3511 513 3563 Cassius.

91 3599 217 3683 huardum
225 3601 435 3682 Vespillmlnter
451 3589 575 3720 liuius-g.

56 3671 186 3724 lucremss
209 3669 327 3739 Vespillo
351 3687 381 3722 ιιι
404 3667 464 3722 ΝΝ.
493 3668 546 3720 snm
569 3703 576 3718 .

57 3735 204 3796 vsitlsntii.
573 3739 574 3744 ’

91 3827 144 3878 Sed
159 3843 246 3896 nsque.
263 3825 320 3882 Alii
336 3825 389 3878 ssd
407 3843 577 3895 mmmm.

91 3919 137 3970 sili
146 3916 244 3990 porfiri.
265 3917 333 3971 Oud.
346 3925 447 3978 censet,
469 3933 521 3968 non
532 3918 577 3974 iro*

56 3993 130 4066 arioli
153 3984 336 4056 repetendum.
367 3983 406 4082 Id·
419 3982 493 4106 zgreiti
518 4000 578 4102 3:

57 4051 510 4191 Ῠιιῖβᾝΐῖἷῖῑῗᾞὸᾱικᾞ

92 4221 237 4260 semustae
349 4227 373 4259 r.
395 4205 451 4262 Alii
466 4219 578 4260 courtm-

58 4288 121 4330 aas.
152 4273 193 4329 En
210 4275 243 4326 ll
280 4309 290 4340 ,
318 4283 429 4344 quantor
477 4273 576 4328 facum

60 4351 101 4394 er
114 4361 130 4396 a
145 4339 258 4394 tunsi.
274 4339 333 4400 ιιιι,
367 4341 420 4394 ...n
438 4310 530 4412 las...-
546 4341 575 4393 n

59 4405 119 4466 odd.
135 4417 196 4482 vptt.
225 4408 269 4464 sic
286 4425 319 4494 pa
360 4415 453 4470 cante
470 4425 519 4482 pro
535 4407 576 4463 illi
601 4427 605 4436 ·

643 3274 777 3345 legebatur
799 3287 930 3345 quaeror,
956 3283 1044 3329 ortum
1067 3293 1099 3330 ex
1123 3295 1166 3330 eo·

643 3341 704 3394 dem
717 3359 810 3395 errore.

651 3453 653 3456 .
671 3425 756 3481 ,neque
772 3407 884 3460 Bibulas.
917 3407 972 3460 Hoc
989 3425 1068 3478 nepus
1084 3407 1166 3477 vulgo

642 3476 771 3529 ominum
782 3476 812 3530 in
819 3473 896 3528 codd.
909 3475 1035 3528 revocarit
1044 3475 1166 3528 Kolilius.

676 3539 776 3612 Fufius.
809 3541 852 3594 cf.
882 3539 912 3594 C.
944 3559 978 3604 r,
1008 3547 1049 3606 87·
1077 3541 1162 3612 Vulgo
1237 3586 1241 3594 .

642 3609 743 3665 Fususs.
906 3634 908 3640 ·

676 3675 856 3744 indiligentiae.
888 3673 932 3728 Sic
950 3673 1045 3728 Ursini
1061 3672 1165 3726 codes:

642 3749 671 3794 st
697 3751 737 3794 est
765 3741 910 3794 necessario
943 3742 980 3794 sic
1006 3739 1164 3809 legendum:

642 3825 705 3862 nrm
722 3807 830 3860 Bihulus
849 3809 901 3861 fuit
918 3807 1073 3876 indiligens,
1092 3809 1165 3878 quis,

642 3883 675 3927 nt
691 3884 731 3930 est
746 3893 769 3927 c.
795 3885 836 3937 7,
855 3893 909 3926 non
927 3876 991 3928 sotis
1009 3883 1107 3926 mature
1125 3891 1166 3926 oc-

643 3942 722 3996 currit
746 3941 871 4007 Caesari,
897 3951 924 3993 et
941 3940 994 3994 Dio
1017 3941 1091 3994 Cass.
1116 3949 1164 4006 4¹·

642 4015 676 4073 44
691 4007 757 4062 dicii
769 4045 776 4066 ‚
793 4019 885 4076 Καῖσαρ
897 4014 976 4062 lesus
990 4012 1028 4062 riu
1040 4013 1148 4075 Blossios
1155 4045 1163 4068 ,

643 4075 780 4144 lupualdu-
807 4075 895 4127 Ceteri
911 4074 986 4128 codd.
1006 4073 1105 4126 habent
1121 4071 1164 4124 di-

642 4139 768 4211 ligenn'ae.
777 4139 822 4192 Cl.
839 4140 898 4192 Iud.
910 4142 947 4190 M.
969 4139 999 4191 ln
1013 4138 1165 4206 relingeuds

642 4205 692 4261 lios
703 4205 761 4263 loco
777 4205 886 4288 quidem
897 4207 1042 4276 ineptiunt.
1050 4205 1082 4258 V.
1093 4204 1164 4258 Oud.

631 4301 633 4304 ·
675 4273 815 4326 iramndra.
841 4271 902 4342 [ος.
927 4271 1105 4333 transactum,
1134 4278 1165 4324 ut

640 4339 739 4392 Fsirno
752 4348 778 4394 ct
795 4333 901 4392 Dnvisio
919 4338 1024 4410 plncnit.
1043 4337 1085 4388 M.
1102 4335 1163 4390 Iru-

641 4407 733 4463 undu
749 4405 886 4464 auferendi
902 4424 963 4462 casu
980 4411 1099 4492 ponitur.
