3068 5260
466 375 755 440 nlssttnra‘rm.
1091 383 1179 446 XIX.

934 461 951 518 Ι

52 577 106 650 rit
133 575 307 650 Hirtius?
345 578 487 678 Nempe
505 636 517 666 ,
541 587 585 654 ut
602 584 758 682 opinor,
776 581 1063 682 quartanarii
1079 608 1171 660 non·

53 707 161 780 nulla
188 707 364 805 perierint
386 761 398 797 ,
420 708 591 808 suppleta
626 737 647 784 a
687 710 781 786 Iulio
816 710 953 802 Celso,
994 711 1174 786 alienissi-

54 865 195 937 maque
224 842 270 914 ab
296 841 410 916 Hirtii
437 851 562 918 mente
588 847 773 920 sententia
798 845 1033 945 interpolata.
1069 846 1173 922 Bello

56 975 164 1042 certe
185 968 363 1044 Africano
379 977 493 1067 atque
507 973 708 1070 Hispanico
722 973 843 1047 multa
868 972 1051 1073 legimus,
1078 997 1174 1070 quae

57 1097 127 1170 vix
152 1096 263 1184 aevi,
288 1121 363 1194 quo
392 1100 486 1174 vixit
510 1101 767 1189 Hirtiur,esee
786 1103 1005 1200 potuerint,
1032 1103 1173 1176 nedum

56 1231 174 1328 ipsius
199 1231 324 1306 Hirtii.
380 1232 429 1306 Et
469 1239 597 1306 tamen
625 1235 818 1308 viceversa
844 1235 1048 1322 nonnulla,
1080 1261 1176 1334 quae

59 1387 244 1436 coaevum
270 1361 411 1458 stylum
437 1363 611 1458 sapiant,
632 1386 706 1436 uon
733 1371 860 1438 autem
887 1365 1024 1456 illum,
1051 1369 1114 1464 qui
1155 1393 1177 1440 a

58 1493 205 1566 iuniore
231 1491 344 1566 suerit
369 1489 647 1588 interpolatore.
682 1493 742 1566 Ab
760 1493 873 1568 Hirtii
900 1497 1014 1570 etiam
1034 1495 1095 1568 vel
1117 1521 1178 1570 ae-

62 1621 144 1692 tate
171 1619 209 1690 in
236 1615 331 1690 libro
357 1616 402 1690 de
428 1616 526 1690 bello
554 1618 731 1692 Africano
759 1622 936 1696 abhorret
962 1646 1050 1696 usus
1072 1625 1178 1696 vocis

60 1745 281 1838 imperator,
308 1767 385 1840 quo
410 1768 518 1842 saepe
545 1745 797 1847 disceptatum
813 1747 904 1823 dicit
921 1753 1071 1832 auctor,
1091 1748 1174 1846 quis

62 1880 162 1946 esset
189 1898 258 1972 pro
285 1874 411 1973 populi
437 1876 582 1950 romani
621 1877 847 1976 imperatore
888 1880 1174 1980 agnoscendus,

63 2005 204 2078 Caesar
230 2029 277 2080 an
303 2004 441 2103 Scipio.
481 2006 599 2098 Quasi
624 2008 801 2084 nimirum
826 2011 960 2084 unicus
990 2019 1086 2085 esset
1111 2037 1178 2111 po-

64 2133 142 2232 puli
171 2133 339 2222 romani,
365 2139 408 2208 ut
427 2139 574 2230 postea,
600 2135 834 2234 imperator,
856 2139 987 2236 quiret
1005 2163 1178 2212 summae

61 2267 261 2360 praeesset.
327 2261 410 2334 Hoc
438 2268 568 2334 autem
593 2262 718 2336 seculo
745 2267 809 2362 qui
835 2265 987 2362 singulis
1003 2290 1181 2340 romanae

62 2392 217 2464 ditionis
244 2391 442 2488 provinciis
469 2395 666 2487 praeerant
692 2416 779 2464 cum
798 2394 981 2490 imperio,
1007 2417 1180 2466 seucum

60 2525 145 2598 iure
172 2521 306 2624 gladii3
326 2523 352 2596 ii
380 2523 624 2620 imperatorer
652 2523 898 2596 habebantur.
949 2525 1022 2597 Vix
1048 2531 1177 2598 tamen

60 2656 116 2728 ita
152 2651 466 2752 appellabantur,
499 2653 567 2724 nisi
609 2651 657 2724 ob
687 2677 745 2726 res
779 2657 902 2753 gestas
935 2651 1180 2750 imperatores

62 2785 111 2858 ab
138 2781 310 2856 exercitu
338 2779 494 2854 luissent
519 2777 730 2855 acclamati.
764 2781 826 2854 Sic
842 2787 969 2854 antem
984 2771 1179 2854 Caesarem

62 2917 333 3012 imperatorem
360 2933 405 2982 ne
431 2907 581 3006 quidem
596 2913 772 3006 poteraut
791 2923 925 3009 negare
945 2909 1181 3010 Pompeiani,

62 3040 125 3112 cui
153 3037 341 3112 dictatura
367 3037 489 3112 fuerat
514 3061 535 3110 e
566 3037 751 3110 sententia
789 3038 948 3110 Senatus
980 3035 1182 3134 populique

61 3167 214 3242 romani
239 3163 384 3252 delata3
411 3165 548 3264 quippe
574 3165 686 3238 etiam
714 3163 759 3236 ab
787 3165 955 3267 exercitu
977 3164 1182 3264 imperator

61 3292 196 3366 fuisset
213 3289 429 3389 appellatus.
473 3289 544 3364 Sed
572 3315 641 3364 nec
668 3288 759 3364 illud
786 3290 915 3364 coaevi
942 3289 1053 3364 luisse
1081 3287 1182 3362 vide·

62 3425 151 3508 tur,
177 3419 279 3515 quod
304 3441 457 3506 merrae,
483 3442 557 3514 quo
590 3417 726 3492 Caesar
752 3420 790 3492 in
825 3418 994 3492 Africam
1034 3416 1180 3515 appulit

63 3549 266 3636 ianuario,
291 3547 421 3622 scribit
446 3551 580 3638 auctor
607 3565 672 3644 per
698 3547 786 3620 anni
814 3551 963 3642 tempus
1001 3544 1040 3614 in
1083 3543 1179 3616 mari

65 3682 200 3754 classes
219 3680 296 3752 sine
323 3675 488 3777 periculo
517 3679 645 3776 vagari
672 3701 745 3748 non
772 3677 946 3774 potuisse.
1000 3673 1181 3746 Octobris

67 3811 165 3882 enim
192 3805 323 3882 Iuliani
351 3806 408 3880 die
434 3803 525 3880 Xlll
552 3806 677 3902 coepit
712 3805 798 3876 anni
838 3802 1066 3902 contusionis
1109 3801 1182 3892 708

66 3940 126 4014 ille
144 3937 358 4025 lanuariua,
379 3936 544 4030 exiitque
561 3941 647 4008 ante
667 3937 764 4006 Nov.
779 3935 831 4006 xl
844 3955 946 4029 ,quo
965 3931 1071 4006 haedi
1091 3934 1185 4005 orie-

69 4075 234 4158 bantur,
265 4091 342 4166 quo
360 4074 444 4140 ortu
461 4065 585 4162 coepit
604 4062 757 4164 Epncha
777 4063 889 4136 maris
909 4061 1037 4136 clausi.
1071 4063 1182 4156 Quod

70 4221 179 4296 porro
207 4198 262 4268 ait
288 4193 548 4268 centurionem
564 4187 741 4262 ‘caesaris
767 4190 925 4262 XXXVI
954 4187 1073 4296 ¹anuis
1114 4209 1181 4285 pro

70 4329 237 4402 Caesaris
265 4325 447 4424 dignitate
475 4321 707 4418 victoriaque
735 4317 993 4418 depugnasse,
1018 4317 1072 4388 ita
1106 4339 1186 4389 ma·
