3032 5266
369 329 462 454 436
727 359 788 420 ns
823 359 959 422 snnso
994 303 1122 420 cirris

365 567 560 648 Nasidium
573 563 815 666 perveniunt,
831 561 957 660 ibique
971 587 1083 638 naves
1097 563 1319 663 expediunt,
1335 591 1470 642 roran-

367 709 440 784 que
466 707 505 756 se
522 681 569 758 ad
589 677 862 782 confligendum
881 681 1006 752 animo
1030 679 1253 756 confirmant
1270 687 1310 754 et
1327 684 1471 758 consilia

366 799 659 878 communicant.
678 799 818 870 Dextra
838 820 923 898 pars
941 795 1229 872 Massiliensibus
1242 798 1473 891 adtribuitur,

366 919 517 993 sinistra
543 911 706 988 Nasidio.

418 1033 454 1106 5.
479 1027 620 1104 Eodem
648 1027 787 1103 Brutus
812 1023 1033 1114 contendit,
1070 1031 1185 1102 aucto
1218 1027 1377 1098 navium
1413 1053 1475 1100 nu·

365 1173 486 1228 mero.
528 1149 627 1222 Nam
653 1144 699 1218 ad
726 1169 807 1232 eas,
832 1153 929 1240 quae
956 1141 1079 1216 iactae
1105 1149 1213 1216 erant
1239 1144 1392 1218 Arelate
1421 1171 1475 1244 per

365 1269 587 1355 Caesarem,
627 1265 798 1362 captivae
833 1259 1117 1338 Massiliensium
1148 1275 1385 1342 accesserant
1409 1295 1477 1343 sen

364 1383 444 1458 llas
466 1379 716 1480 superioribus
743 1377 926 1452 refecerat
951 1377 1079 1452 diebus
1106 1385 1219 1476 atque
1236 1386 1415 1455 omnibus
1431 1409 1476 1454 re·

364 1497 435 1572 bus
461 1497 697 1574 instruxerat
724 1493 856 1591 ltaque
882 1497 978 1566 suos'
995 1493 1236 1584 cohortatus,
1262 1519 1361 1592 quos
1392 1499 1476 1571 inte·

364 1635 453 1710 gros
478 1611 773 1708 superavissent,
801 1615 844 1682 ut
871 1608 992 1682 victos
1016 1618 1325 1698 contemnerent,
1353 1611 1476 1708 plenus

365 1725 442 1822 spei
473 1725 592 1796 bonae
620 1731 733 1832 atque
764 1723 877 1802 animi
912 1721 1090 1799 adversus
1123 1746 1187 1796 eos
1220 1723 1476 1822 proficiscitur.

364 1835 490 1912 Facile
517 1843 618 1927 erat,
644 1861 690 1911 ex
717 1837 848 1910 castris
874 1838 917 1918 C.
943 1839 1119 1920 Trebonii
1159 1845 1274 1938 atque
1308 1843 1476 1912 omnibus

366 1953 618 2051 superioribus
648 1952 738 2026 locis
765 1955 975 2053 prospicere
1002 1955 1039 2027 in
1061 1954 1213 2043 urbem,
1230 1957 1274 2026 ut
1290 1959 1477 2028 omnisiu·

365 2075 521 2156 ventus,
548 2069 706 2166 quaein
733 2069 869 2168 oppido
896 2075 1146 2156 remanserat,
1180 2089 1388 2166 omnesque
1428 2093 1477 2140 su-

365 2187 520 2288 perioris
546 2187 701 2273 aetatis,
727 2208 816 2259 cum
839 2183 964 2258 liberis
981 2191 1092 2282 atque
1110 2184 1289 2260 uxoribus
1309 2183 1477 2282 publicis·

365 2329 439 2405 que
465 2303 666 2393 custodiis,
690 2309 757 2377 aut
783 2325 828 2376 ex
856 2301 965 2374 mirso
992 2301 1037 2373 ad
1064 2300 1213 2373 coelum
1238 2322 1378 2382 marrus
1403 2311 1477 2376 teo·

366 2425 517 2510 derent,
545 2427 611 2494 aut
639 2417 775 2516 tempda
803 2419 968 2494 Deorum
987 2416 1242 2500 inmortalium
1260 2417 1414 2492 adirent
1431 2428 1478 2512 et,

367 2543 453 2610 ante
480 2531 678 2612 simulacra
703 2533 881 2632 proiecti,
912 2533 1109 2606 victoriam
1136 2531 1183 2608 ab
1201 2531 1280 2606 Diis
1298 2557 1479 2632 exposce-

365 2659 468 2728 rent:
497 2673 614 2748 neque
636 2643 723 2723 ‘erat
748 2651 945 2747 qnisquam
970 2647 1164 2738 omnium,
1192 2651 1281 2746 quin
1321 2651 1363 2723 in
1407 2654 1481 2726 eins

366 2768 437 2840 diei
464 2791 552 2840 casu
571 2789 723 2840 suarum
750 2767 920 2844 omnium
937 2765 1173 2840 fortunarum
1191 2773 1376 2839 eventum
1397 2795 1483 2842 con·

366 2885 494 2959 sistere
521 2883 761 2958 existimaret.
813 2881 910 2954 Nam
936 2886 974 2953 et
1000 2881 1147 2954 honesti
1187 2903 1235 2952 ex
1261 2883 1480 2970 iuventute,

366 3008 404 3075 et
430 2997 609 3097 citiusque
637 2999 771 3071 aetatis
806 2997 1045 3096 amplissimi,
1075 2997 1298 3070 nominatim
1331 3001 1482 3073 evocati

365 3124 479 3216 eique
506 3117 710 3202 obsecrati,
739 3139 851 3188 naves
877 3113 1191 3227 conscenderant,
1219 3121 1283 3204 ut,
1316 3118 1347 3188 si
1398 3117 1484 3215 quid

366 3235 511 3316 aduersi
531 3235 744 3320 accidisset,
764 3255 809 3304 ne
824 3231 870 3308 ad
889 3231 1101 3306 conandum
1116 3231 1268 3330 quidem
1286 3233 1356 3305 sihi
1380 3235 1485 3332 quid-

365 3373 479 3450 quam
506 3345 638 3458 reliqui
663 3347 742 3420 fore
763 3345 954 3433 viderent;
972 3347 1002 3420 si
1019 3347 1315 3450 superavissent,
1335 3347 1401 3422 rel
1420 3349 1484 3420 do-

363 3579 474 3646 Vossius
502 3579 588 3642 binae
616 3589 669 3651 (a,
699 3589 731 3652 5)
761 3583 886 3647 reddidit.
986 3589 1484 3660 repenarmasmoetusmrnpn

363 3653 690 3724 PtolemaeusTanpn'vrnr
698 3655 817 3724 proxime
827 3664 887 3723 post
952 3653 1061 3708 Metam.
1078 3671 1099 3706 1.
1116 3655 1252 3711 altior-era,
1270 3655 1389 3708 Tertull.
1406 3657 1485 3729 Apol.

363 3719 510 3778 lllassilinrn
532 3721 566 3774 ab
590 3733 650 3774 ortu
673 3723 776 3792 posuit:
801 3741 886 3792 equo
951 3739 974 3774 e.
992 3741 1016 3790 9.
1033 3725 1157 3776 maiorem
1174 3734 1293 3782 aarum.
1311 3723 1420 3776 dixere.

364 3785 525 3842 Strabonem
537 3793 578 3855 (4.
592 3809 619 3860 p.
632 3795 677 3844 180
690 3788 782 3844 ubire
813 3791 886 3844 ι’ντιον
984 3791 1036 3840 diei
1052 3807 1120 3842 cnm.
1139 3789 1182 3840 Sic
1200 3799 1226 3840 ct
1242 3807 1265 3842 c.
1286 3799 1327 3854 14.

363 3860 425 3935 est)
444 3853 614 3934 Cesanbonus
631 3855 761 3936 emendet„
772 3815 884 3938 ⁸llellnr.
986 3855 1107 3936 bomon,
1123 3854 1209 3936 nobili
1227 3855 1329 3934 familia
1348 3859 1418 3910 orti.
1437 3857 1475 3908 Μ.

362 3922 885 4060 senseresensere
1027 3923 1486 4046 reserans-nne

362 4060 422 4111 bras
443 4059 476 4110 dc
501 4057 539 4110 Sd
557 4060 658 4129 Georgo
682 4068 710 4112 ct
746 4057 883 4110 ruvereus.
951 4068 1070 4128 usuran
1095 4055 1135 4109 lta
1159 4067 1188 4110 ct
1208 4057 1263 4112 Cic.
1289 4057 1323 4114 acl
1351 4057 1420 4110 Die.
1454 4076 1485 4116 r,

363 4127 549 4244 Ψοεειίἱιῇω
563 4126 612 4190 (aa
628 4125 903 4182 Antoninitiuerrr„
950 4129 1042 4244 ᾗῗτίιὶ
1058 4123 1221 4246 egplorpanusn
1232 4164 1240 4188 ,
1250 4125 1485 4246 §Siedmliudlrlllil

364 4197 478 4330 Pvssg‘ge
499 4227 583 4314 edurat.
605 4262 644 4315 sic
664 4257 741 4316 codd.
759 4258 816 4314 Alii
826 4251 884 4332 fied·
951 4261 1059 4338 tlnrtius
1082 4209 1116 4344 apd
1140 4229 1210 4311 Plin.
1224 4231 1279 4330 ἐρ..
1305 4229 1336 4321 r,
1355 4257 1383 4312 3.
1405 4256 1483 4312 etad

361 4339 512 4456 Ἥκω,
530 4395 573 4454 cr.
595 4412 624 4453 ι,
641 4393 682 4445 ss.
699 4393 742 4451 M.
899 4449 902 4456 ,
950 4325 1142 4450 illitisfli
1154 4331 1214 4448 rii.
1231 4337 1267 4460 lt,
1285 4332 1328 4460 ξδ’
1353 4327 1414 4398 ¹¹¹*
1445 4341 1482 4382 ‘⁰'
