3026 5264
357 376 439 436 urs.
472 373 559 436 vnr.
596 373 689 434 cnr.
726 337 904 461 46-48,
1081 343 1176 472 349
1229 367 1233 386 ›

46 584 245 667 innueret,
271 578 484 665 Commius,
510 577 575 674 qui
602 582 687 675 post
713 575 815 650 illam
844 575 1180 672 vulnerationem,

48 717 171 793 quam
198 717 308 792 supra
336 693 658 782 commemoravi,
683 715 831 791 semper
857 691 904 764 ad
931 715 1062 766 omnes
1093 717 1185 768 mom

47 817 118 884 tus
145 815 299 918 paratus
326 809 401 880 suis
427 807 572 880 civibus
599 831 676 880 esse
703 809 940 897 consuesset,
959 829 1004 879 ne
1024 808 1186 883 consilia

48 926 144 999 belli
174 924 440 1022 quaerentibus
465 931 600 998 auctor
626 945 817 996 armorum
845 921 995 1022 duxque
1023 923 1181 1017 deesset,

50 1052 214 1146 parente
240 1039 420 1118 Romanis
460 1043 641 1130 civitate,
679 1033 883 1114 eumenis
915 1042 1106 1138 equitibus
1141 1070 1180 1118 se
1266 1099 1269 1112 .

51 1185 220 1260 suosque
238 1161 442 1235 latrociniis
462 1157 608 1248 alebat,
625 1158 840 1256 infestisque
858 1159 1054 1235 itineribus
1073 1185 1181 1235 com-

52 1285 209 1354 meatus
236 1275 468 1374 complures,
495 1276 557 1371 qui
586 1275 925 1372 comportabantur
959 1277 998 1349 in
1025 1277 1181 1352 hiberna

52 1395 344 1479 Romanorum,
370 1389 645 1488 intercipiebat.

110 1507 172 1598 48.
198 1507 292 1578 Erat
318 1505 531 1577 adtributus
557 1505 722 1577 Antonio
747 1505 965 1577 Praefectus
991 1507 1181 1602 equitum,

54 1619 105 1690 C.
143 1619 350 1692 Volusenus
391 1617 631 1712 Quadratus,
670 1620 734 1716 qui
775 1641 862 1692 cum
902 1642 946 1691 eo
986 1618 1181 1693 hiemaret.

54 1735 173 1806 Hunc
192 1737 378 1810 Antonius
396 1735 443 1806 ad
462 1733 759 1834 persequendum
782 1734 949 1806 bostium
968 1734 1181 1830 equitatum

56 1850 194 1922 mittit.
220 1849 428 1922 Volusenus
454 1856 579 1921 autem
601 1848 745 1922 adeam
767 1849 967 1936 virtutem,
995 1871 1091 1944 quae
1110 1847 1183 1919 sin-

55 1963 201 2062 gularis
227 1965 264 2036 in
292 1988 336 2037 eo
362 1969 464 2052 erat,
490 1985 668 2064 magnum
696 1963 823 2036 odium
850 1963 1012 2037 Commii
1048 1945 1182 2035 adiun-

58 2081 202 2182 gebat3
229 2106 305 2180 quo
331 2081 505 2154 libentius
532 2081 569 2152 id
597 2079 759 2169 faceret,
785 2079 886 2176 quod
912 2081 1183 2177 imperabatur.
1240 2140 1248 2182 ·.

58 2200 198 2298 ltaque
225 2199 409 2298 dispositis
435 2195 598 2284 insidiis,
616 2197 760 2295 saepius
779 2197 856 2268 eius
874 2199 1018 2295 equites
1035 2197 1185 2298 adgres-

60 2337 150 2403 sus,
178 2315 339 2388 secunda
366 2311 506 2413 proelia
533 2311 708 2385 faciebat.
734 2312 964 2400 Novissime,
983 2333 1100 2408 quum
1120 2337 1184 2386 ve·

59 2425 277 2502 heruentius
302 2427 593 2502 contunderetur
619 2451 663 2500 ac
690 2426 919 2515 Volusenus,
937 2427 1050 2525 ipsius
1067 2429 1184 2500 iuter-

61 2545 226 2643 cipiendi
253 2546 413 2620 Commii
438 2545 673 2643 cupiditate,
707 2543 935 2643 pertinacius
969 2565 1056 2616 eum
1092 2567 1183 2617 cum

60 2661 195 2756 paucis
221 2661 410 2733 insecutus
437 2665 556 2747 esset,
583 2657 645 2732 ille
670 2664 798 2731 autern
838 2657 928 2758 fuga
968 2658 1184 2732 vehementi
1211 2747 1213 2752 ,

60 2771 297 2846 Volusenum
336 2772 484 2874 lougius
523 2774 784 2873 produxisset;
818 2779 971 2872 repente
1013 2774 1184 2848 omnium

62 2911 220 2960 suorum
246 2889 401 2961 invocat
426 2887 536 2959 fidem
565 2895 678 2985 atque
705 2887 908 2977 auxilium,
936 2911 981 2958 ne
1008 2911 1076 2960 sua
1102 2886 1185 2959 vul-

62 3025 179 3091 nera,
205 3002 356 3100 perfidia
384 3003 625 3100 interposita,
660 3009 880 3102 paterentur
912 3000 1054 3087 inulta3
1091 3025 1186 3075 con·

62 3137 248 3212 versoque
274 3139 392 3212 equo,
419 3141 458 3188 se
485 3143 505 3188 a
534 3119 667 3190 ceteris
700 3117 890 3190 incautius
923 3115 1111 3213 permittit
1144 3115 1184 3188 in

61 3233 315 3308 Praefectum.
342 3235 502 3306 Faciunt
527 3231 628 3307 idem
654 3257 784 3306 omnes
811 3231 889 3304 eius
916 3231 1062 3329 equites
1089 3255 1186 3332 pau·
1244 3311 1245 3314 Ἴ

98 3629 181 3680 sopra
192 3627 321 3661 commem.
337 3609 416 3662 Couf.
428 3627 486 3680 nup.
499 3607 539 3660 23.
549 3609 593 3661 M.
691 3611 802 3678 peridia
817 3613 910 3678 interp.
960 3605 1001 3660 Ilo
1025 3615 1055 3660 ut
1076 3606 1190 3658 Romani

83 3716 205 3800 'pamm
222 3705 353 3756 Romam-5·
397 3701 453 3756 Alfi
469 3715 592 3772 pamm
660 3677 724 3796 perii
747 3679 769 3729 io
786 3684 1073 3735 uterentur,utsssent
1084 3673 1189 3794 perfidi.

65 3793 113 3823 Μ
131 3789 210 3822 omm'
233 3871 238 3880 ¹
395 3866 411 3878 „
661 3811 707 3863 sed
724 3831 738 3862 e
756 3809 912 3882 quibusdum
929 3807 1004 3862 libris
1022 3807 1100 3860 bonis
1117 3825 1191 3879 prae-

99 3869 136 3918 ‘l‘i
147 3879 339 3946 ‘affirmem‘
356 3865 525 3918 Ahfflmm
534 3883 596 3935 ΡΨ·
662 3877 768 3930 tulerim
794 3893 853 3930 cum
876 3877 982 3938 Vossio,
998 3873 1113 3948 perfidia
1130 3877 1192 3938 (out

65 3949 119 3986 tum
140 3939 255 3994 virtutis,
274 3935 309 3985 ud
330 3953 386 3984 snm
408 3936 493 4002 partfr
517 3938 597 3986 virw-
662 3946 779 4017 perfide)
801 3949 925 4010 inposita,
947 3944 964 3993 i.
988 3963 1010 3994 e.
1035 3941 1140 3994 vulnera
1166 3941 1192 3992 ei

66 4017 132 4062 [Μὴ
150 4001 185 4051 Ml
202 4021 258 4051 ΜΝ
272 4014 377 4070 Variam
394 4005 520 4052 firmem·
664 4013 799 4084 inposita,
825 4012 907 4063 inlata
931 4021 1022 4070 eruut,
1049 4007 1140 4060 froude
1165 4019 1192 4059 et

102 4113 222 4164 magnum
240 4095 333 4146 odium,
382 4091 461 4146 cons,
478 4111 536 4163 αἰ),
554 4095 596 4149 23,
664 4079 773 4162 Ptrlltllfl
785 4077 920 4130 voluseni·
932 4078 985 4130 vid.
999 4095 1021 4128 C·
1036 4075 1076 4128 23.
1090 4075 1193 4128 Vltimi!

67 4163 106 4215 M,
664 4165 785 4214 inponere
801 4147 877 4197 alicui
894 4145 954 4215 quis
971 4161 1026 4196 non
1044 4143 1193 4222 frequenter

193 4262 198 4272 .
260 4259 265 4269 .
578 4255 583 4266 .
665 4213 775 4275 elicitur,
790 4213 840 4265 etsi
857 4211 1099 4276 bsus(r.Emestir
1116 4209 1192 4286 Clau.

102 4275 155 4324 ‘1¹¹⁰
178 4257 307 4315 “mu‘'
329 4265 361 4308 ”l
382 4255 448 4310 “¹⁰⁰
470 4261 544 4309 “nm
564 4252 598 4307 h*
666 4281 758 4346 cin),
774 4281 898 4334 videntur
920 4287 1035 4331 mutasse
1056 4277 1142 4330 locum
1161 4275 1194 4326 lr-

68 4325 227 4378 bcnll¹¹³-·
237 4323 281 4376 Μ·
666 4347 755 4399 brnrii.
774 4351 811 4401 M.
829 4348 885 4401 Alii
899 4345 1035 4420 perfidem
1046 4343 1196 4408 Sclldisslu‘
1259 4401 1262 4420 ,

103 4417 275 4488 produxisset.
293 4416 360 4472 Vide
378 4415 437 4470 lud.
667 4413 757 4468 latam·
825 4481 829 4490 ,

683 3745 707 3798 ic
723 3743 817 3796 Latius
834 3743 888 3795 dici
907 3761 995 3814 posse,
1012 3760 1065 3793 non
1104 3739 1187 3793 obito:
