3000 5268
358 392 434 451 ern
469 393 507 452 v,
541 387 634 452 oar,
674 359 848 456 532-55.
1066 367 1151 460 185

36 605 157 672 ventu
188 599 226 670 in
263 595 423 670 Galliam
459 597 647 690 Caesaris,
679 601 859 699 cuiusque
892 603 1050 676 maiores
1076 605 1154 677 Ite·

34 734 156 813 gnum
188 717 454 804 obtinuerant,
485 715 693 790 interficere
726 716 878 814 publico
906 717 1060 790 consilio
1088 745 1155 792 co·

34 833 140 918 nati,
166 853 284 927 quum
310 829 370 902 ille
396 833 658 929 praesensisset
689 856 732 904 ac
765 835 1010 931 profugisset,
1037 857 1154 932 usque

33 947 83 1020 ad
109 945 199 1018 fines
229 946 414 1030 insecuti,
442 947 572 1044 Regno
605 945 792 1045 domoque
820 949 1067 1048 expuleruntz
1095 958 1157 1036 et,

34 1067 160 1138 missis
175 1065 221 1138 ad
239 1064 435 1138 Caesarem
453 1063 705 1138 satisfaciendi
721 1090 852 1140 caussa
866 1067 1019 1167 legatis,
1037 1093 1154 1165 quum

33 1186 66 1256 is
94 1207 245 1256 omnem
278 1181 326 1256 ad
365 1201 404 1256 se
439 1188 611 1254 senatum
648 1181 774 1254 venire
818 1183 1008 1274 iussisset,
1053 1185 1154 1258 dicto

34 1301 228 1374 audientes
256 1323 330 1372 non
356 1298 520 1372 fuerunt
563 1301 729 1372 Tantum
757 1301 856 1398 apud
876 1301 1043 1376 homines
1068 1303 1154 1376 bar-

33 1417 149 1490 baros
175 1417 314 1505 valuit,
346 1441 423 1489 esse
463 1421 631 1514 repertos
664 1414 809 1512 aliquos
850 1403 1034 1518 principes
1067 1420 1156 1494 belli

36 1531 241 1621 inferendi,
267 1537 488 1628 tantamque
519 1529 692 1602 omnibus
722 1529 960 1604 voluntatum
981 1553 1155 1606 commu-

36 1649 223 1722 tationem
257 1645 412 1736 adtulit,
453 1652 520 1736 ut,
563 1652 711 1744 praeter
740 1646 890 1720 Aeduos
920 1653 959 1721 et
990 1649 1156 1738 Remus,

36 1789 132 1860 quos
158 1764 357 1863 praecipuo
376 1786 535 1860 *semper
555 1761 714 1836 'bonore
741 1763 877 1837 Caesar
907 1765 1059 1850 babuit,
1098 1765 1155 1840 ol-

37 1889 141 1954 teros
171 1898 238 1981 pro
266 1887 392 1954 vetere
420 1903 463 1952 ac
490 1884 671 1978 perpetua
697 1899 783 1979 erga
810 1879 995 1980 Populum
1015 1884 1156 1956 Roma-

37 2019 129 2066 num
157 1995 249 2083 fide,
275 1994 413 2068 alteros
444 2017 511 2092 pro
536 1995 749 2068 recentibus
788 1994 922 2069 Gallici
949 1995 1035 2069 belli
1069 1995 1156 2070 offi-

39 2114 127 2199 ciis,
163 2113 264 2186 nulla
295 2112 370 2185 fere
397 2112 531 2185 civitas
562 2111 675 2184 fuerit
709 2137 783 2183 non
818 2120 991 2212 suspecta
1036 2115 1154 2188 nobisa

40 2225 155 2324 ldque
179 2226 270 2298 adeo
302 2221 401 2298 baud
426 2227 503 2300 scio
532 2224 792 2300 mirandumne
822 2229 890 2316 sit,
917 2250 1032 2324 quum
1053 2252 1157 2300 corn·

39 2338 207 2434 pluribus
231 2337 311 2412 aliis
337 2339 383 2412 de
399 2340 575 2428 ‘caussis,
603 2349 687 2412 tum
714 2341 904 2430 maxime,
935 2339 1056 2438 quod,
1091 2344 1156 2438 qui

29 2449 184 2526 'virtute
210 2452 294 2526 belli
323 2455 494 2527 omnibus
521 2455 695 2555 gentibus
723 2443 1055 2552 praeferebantur,
1073 2460 1156 2526 tan-

41 2577 122 2644 tum
149 2594 188 2643 se
213 2571 292 2642 eius
318 2570 502 2669 opinionis
529 2569 794 2668 deperdidisse,
819 2575 865 2642 ut
880 2595 901 2641 a
919 2569 1062 2669 Populo
1077 2571 1157 2643 noa

41 2707 155 2756 mano
182 2686 341 2782 imperia
363 2685 588 2784 perferrent,
614 2685 831 2784 gravissime
865 2683 1053 2757 dolebant.

90 2803 153 2873 552
180 2802 325 2874 Treviri
351 2826 442 2875 vero
465 2808 576 2898 atque
595 2801 870 2874 Indutiomarus
889 2803 1005 2874 totius
1025 2802 1156 2874 hiemis

42 2917 186 2990 nullum
217 2925 366 3018 tempus
392 2920 695 3007 intermiserunt,
722 2919 811 3014 quin
847 2925 951 2991 trans
981 2918 1156 2992 Rhenum
1225 2915 1228 2920 ’

41 3034 185 3136 legatos
212 3036 435 3122 mitterent,
472 3037 646 3108 civitates
672 3033 941 3124 sollicitarent,
979 3036 1157 3136 pecunias

43 3151 334 3249 pollicerentur,
358 3177 496 3254 magna
530 3159 634 3253 parte
669 3153 854 3226 exercitus
888 3155 1004 3225 nostri
1027 3154 1158 3258 'inter-

41 3277 167 3360 fecta,
195 3271 313 3344 multo
352 3272 536 3344 minorem
576 3293 764 3370 superesse
797 3273 963 3346 dicerent
997 3280 1159 3370 partem.»

43 3392 173 3487 'Neque
213 3397 340 3463 tamen
367 3389 432 3464 ulli
459 3391 606 3463 civitati
634 3391 909 3464 Germanorum
943 3390 1157 3488 persuaderi

43 3513 190 3608 potuit,
216 3515 259 3582 ut
284 3509 456 3582 Rhenum
484 3511 680 3596 transiret,
708 3533 824 3606 quum
850 3533 889 3582 se
913 3508 966 3580 bis
992 3521 1158 3607 expertos

44 3629 233 3717 dicerent,
256 3629 433 3703 Ariovisti
455 3628 541 3701 bello
568 3643 602 3700 et
634 3626 937 3700 Tenc'lrtberorum
974 3633 1160 3716 transitu,

77 3829 191 3881 Tantum
208 3847 251 3898 ap.
269 3827 339 3880 dom.
357 3825 451 3880 Clarbe
474 3845 489 3878 e
508 3828 573 3880 coda
634 3825 714 3879 deod.
732 3826 880 3898 suspicatur
894 3823 1034 3895 legendum
1047 3827 1159 3876 omnium

44 3895 119 3964 llegio
135 3896 211 3968 ponit
229 3907 383 3966 canaanque.
405 3893 489 3952 Male:
506 3914 568 3948 uam
634 3895 808 3946 voluntatum.

46 3963 87 4014 ¹alri
106 3963 183 4016 codd.
201 3969 229 4013 ct
245 3961 304 4014 edd.
318 3971 381 4014 vett.
399 3961 499 4014 habeut
511 3975 568 4013 ran-
668 3963 751 4030 quod,
773 3965 817 4030 qni
835 3965 893 4013 virt.
936 3956 993 4011 Alii
1017 3957 1160 4010 intrudunt

47 4041 104 4081 nrm.
122 4029 200 4082 Adde
217 4029 287 4100 quod
298 4048 362 4082 mox
373 4030 494 4100 sequitur
513 4042 569 4080 tnn-
635 4028 663 4080 lai
681 4028 722 4080 rel
739 4033 769 4080 ei.

47 4109 154 4168 lanaque.
669 4115 686 4146 a
703 4095 806 4166 Populo
820 4097 943 4148 nonnam.
964 4093 1052 4160 Vulgo
1064 4091 1161 4158 Populi

461 4165 468 4180 '
627 4165 758 4224 *Ronrani5
777 4165 822 4215 secl
841 4161 915 4216 codd·
934 4163 1034 4229 egregie
1051 4181 1067 4210 a
1082 4159 1114 4209 P.
1127 4159 1159 4210 Il.

77 4234 192 4284 omnbus
208 4231 374 4284 vaunnam.
394 4230 437 4284 sie
445 4231 568 4283 Davisius
638 4240 669 4282 ut
686 4230 757 4291 03,
772 4229 812 4282 35.
826 4232 928 4281 litterae
944 4250 961 4280 a
978 4231 1015 4278 M.
1035 4227 1160 4278 Favonio.

48 4308 71 4349 et
87 4299 211 4352 Clarkius
228 4299 295 4351 benc
319 4317 333 4350 e
358 4298 435 4352 codd.
465 4307 492 4350 et
508 4297 567 4350 edd.
612 4345 617 4352 .
639 4307 666 4350 et
682 4296 758 4350 Alex.
775 4316 832 4368 cap.
852 4298 893 4362 34.
922 4297 1031 4347 turones
1059 4294 1090 4344 ab
1115 4293 1162 4342 De·

48 4377 107 4418 vert.
131 4385 248 4438 proquo
266 4363 334 4417 male
351 4365 464 4435 Scaliger
489 4377 516 4417 et
532 4385 568 4416 re·
635 4371 729 4416 toturn,
748 4375 775 4418 ct
791 4357 850 4420 laiv-
863 4383 891 4426 2,
905 4316 1041 4417 Sfliueras
1053 4363 1083 4412 ab
1098 4361 1163 4412 Tar·-

50 4437 175 4486 tentiores
200 4439 312 4486 amidam
328 4434 481 4484 venerans.
515 4432 570 4485 Ou-
637 4438 740 4502 epulante.

147 4521 302 4592 Censen.
331 4519 525 4592 comment.
577 4519 683 4589 Tum.
713 4517 741 4590 l.
896 4518 957 4590 lla
