<?xml version="1.0" encoding="UTF-8"?>
<!DOCTYPE html PUBLIC "-//W3C//DTD XHTML 1.0 Transitional//EN"
    "http://www.w3.org/TR/xhtml1/DTD/xhtml1-transitional.dtd">
<html xmlns="http://www.w3.org/1999/xhtml" xml:lang="en" lang="en">
 <head>
  <title>
</title>
<meta http-equiv="Content-Type" content="text/html;charset=utf-8" />
  <meta name='ocr-system' content='tesseract 3.04.00' />
  <meta name='ocr-capabilities' content='ocr_page ocr_carea ocr_par ocr_line ocrx_word'/>
</head>
<body>
  <div class='ocr_page' id='page_1' title='image "./ciuliicaesarisc00cellgoog_0209.png"; bbox 0 0 3000 5268; ppageno 0'>
   <div class='ocr_carea' id='block_1_1' title="bbox 375 303 1187 434">
    <p class='ocr_par' dir='ltr' id='par_1_1' title="bbox 375 303 1187 434">
     <span class='ocr_line' id='line_1_1' title="bbox 375 303 1187 434; baseline -0.002 -33"><span class='ocrx_word' id='word_1_1' title='bbox 375 343 455 404; x_wconf 83' lang='lat' dir='ltr'><strong>uu.</strong></span> <span class='ocrx_word' id='word_1_2' title='bbox 488 344 527 402; x_wconf 90' lang='lat' dir='ltr'><strong>v.</strong></span> <span class='ocrx_word' id='word_1_3' title='bbox 561 343 654 404; x_wconf 78' lang='lat' dir='ltr'><strong>car.</strong></span> <span class='ocrx_word' id='word_1_4' title='bbox 693 308 868 430; x_wconf 76' lang='lat'>31-34.</span> <span class='ocrx_word' id='word_1_5' title='bbox 1101 303 1187 434; x_wconf 84' lang='lat'><strong>167</strong></span> 
     </span>
    </p>
   </div>
   <div class='ocr_carea' id='block_1_2' title="bbox 53 542 1274 3537">
    <p class='ocr_par' dir='ltr' id='par_1_2' title="bbox 53 542 1274 3537">
     <span class='ocr_line' id='line_1_2' title="bbox 70 542 1193 646; baseline 0 -28"><span class='ocrx_word' id='word_1_6' title='bbox 70 565 183 632; x_wconf 83' lang='lat' dir='ltr'><strong>nere;</strong></span> <span class='ocrx_word' id='word_1_7' title='bbox 210 543 301 618; x_wconf 86' lang='lat' dir='ltr'><strong>haec</strong></span> <span class='ocrx_word' id='word_1_8' title='bbox 330 549 457 618; x_wconf 88' lang='lat' dir='ltr'><strong>tamen</strong></span> <span class='ocrx_word' id='word_1_9' title='bbox 482 545 561 645; x_wconf 86' lang='lat' dir='ltr'><strong>ipsa</strong></span> <span class='ocrx_word' id='word_1_10' title='bbox 588 543 717 620; x_wconf 89' lang='lat' dir='ltr'><strong>timide</strong></span> <span class='ocrx_word' id='word_1_11' title='bbox 744 553 857 646; x_wconf 80' lang='lat' dir='ltr'><strong>atque</strong></span> <span class='ocrx_word' id='word_1_12' title='bbox 885 551 929 621; x_wconf 90' lang='lat' dir='ltr'><strong>ut</strong></span> <span class='ocrx_word' id='word_1_13' title='bbox 955 569 1040 620; x_wconf 90' lang='lat' dir='ltr'><strong>eum</strong></span> <span class='ocrx_word' id='word_1_14' title='bbox 1064 542 1193 618; x_wconf 81' lang='lat' dir='ltr'><strong>omnia</strong></span> 
     </span>
     <span class='ocr_line' id='line_1_3' title="bbox 72 659 1191 762; baseline 0.003 -31"><span class='ocrx_word' id='word_1_15' title='bbox 72 661 231 736; x_wconf 86' lang='lat' dir='ltr'><strong>delicere</strong></span> <span class='ocrx_word' id='word_1_16' title='bbox 264 659 503 734; x_wconf 83' lang='lat' dir='ltr'><strong>viderentur:</strong></span> <span class='ocrx_word' id='word_1_17' title='bbox 546 663 647 760; x_wconf 92' lang='lat' dir='ltr'><strong>quod</strong></span> <span class='ocrx_word' id='word_1_18' title='bbox 680 661 911 762; x_wconf 84' lang='lat' dir='ltr'><strong>plerumque</strong></span> <span class='ocrx_word' id='word_1_19' title='bbox 939 665 983 736; x_wconf 92' lang='lat' dir='ltr'><strong>iis</strong></span> <span class='ocrx_word' id='word_1_20' title='bbox 1021 660 1191 736; x_wconf 87' lang='lat' dir='ltr'><strong>accidere</strong></span> 
     </span>
     <span class='ocr_line' id='line_1_4' title="bbox 71 778 1191 878; baseline 0 -28"><span class='ocrx_word' id='word_1_21' title='bbox 71 778 288 867; x_wconf 81' lang='lat' dir='ltr'><strong>consuevit,</strong></span> <span class='ocrx_word' id='word_1_22' title='bbox 318 781 382 876; x_wconf 91' lang='lat' dir='ltr'><strong>qui</strong></span> <span class='ocrx_word' id='word_1_23' title='bbox 408 779 445 850; x_wconf 93' lang='lat' dir='ltr'><strong>in</strong></span> <span class='ocrx_word' id='word_1_24' title='bbox 473 779 552 877; x_wconf 93' lang='lat' dir='ltr'><strong>ipso</strong></span> <span class='ocrx_word' id='word_1_25' title='bbox 579 780 730 878; x_wconf 84' lang='lat' dir='ltr'><strong>negotio</strong></span> <span class='ocrx_word' id='word_1_26' title='bbox 754 780 952 852; x_wconf 87' lang='lat' dir='ltr'><strong>consilium</strong></span> <span class='ocrx_word' id='word_1_27' title='bbox 971 803 1102 878; x_wconf 79' lang='lat' dir='ltr'>capere</span> <span class='ocrx_word' id='word_1_28' title='bbox 1128 802 1191 850; x_wconf 89' lang='lat' dir='ltr'><strong>co·</strong></span> 
     </span>
     <span class='ocr_line' id='line_1_5' title="bbox 70 893 1274 994; baseline -0.003 -26"><span class='ocrx_word' id='word_1_29' title='bbox 70 900 226 991; x_wconf 85' lang='lat' dir='ltr'><strong>guntur.</strong></span> <span class='ocrx_word' id='word_1_30' title='bbox 268 893 483 982; x_wconf 75' lang='lat' dir='ltr'><strong>Arenata,</strong></span> <span class='ocrx_word' id='word_1_31' title='bbox 512 896 575 992; x_wconf 92' lang='lat' dir='ltr'><strong>qui</strong></span> <span class='ocrx_word' id='word_1_32' title='bbox 604 897 836 994; x_wconf 73' lang='lat' dir='ltr'>cogitasset,</span> <span class='ocrx_word' id='word_1_33' title='bbox 876 895 967 968; x_wconf 79' lang='lat' dir='ltr'><strong>llaec</strong></span> <span class='ocrx_word' id='word_1_34' title='bbox 1008 919 1113 994; x_wconf 88' lang='lat' dir='ltr'><strong>posse</strong></span> <span class='ocrx_word' id='word_1_35' title='bbox 1148 894 1189 964; x_wconf 91' lang='lat' dir='ltr'><strong>in</strong></span> <span class='ocrx_word' id='word_1_36' title='bbox 1269 914 1274 930; x_wconf 77' lang='lat'><strong><em>¹</em></strong></span> 
     </span>
     <span class='ocr_line' id='line_1_6' title="bbox 68 1010 1189 1108; baseline 0.002 -26"><span class='ocrx_word' id='word_1_37' title='bbox 68 1011 204 1084; x_wconf 90' lang='lat' dir='ltr'><strong>itiuere</strong></span> <span class='ocrx_word' id='word_1_38' title='bbox 230 1010 422 1101; x_wconf 84' lang='lat' dir='ltr'><strong>accidere,</strong></span> <span class='ocrx_word' id='word_1_39' title='bbox 449 1018 562 1108; x_wconf 86' lang='lat' dir='ltr'><strong>atque</strong></span> <span class='ocrx_word' id='word_1_40' title='bbox 590 1011 638 1082; x_wconf 93' lang='lat' dir='ltr'><strong>ob</strong></span> <span class='ocrx_word' id='word_1_41' title='bbox 656 1035 739 1082; x_wconf 88' lang='lat' dir='ltr'><strong>eam</strong></span> <span class='ocrx_word' id='word_1_42' title='bbox 759 1034 928 1084; x_wconf 83' lang='lat' dir='ltr'><strong>caussam</strong></span> <span class='ocrx_word' id='word_1_43' title='bbox 948 1010 1189 1108; x_wconf 84' lang='lat' dir='ltr'><strong>profectionis</strong></span> 
     </span>
     <span class='ocr_line' id='line_1_7' title="bbox 70 1121 1190 1214; baseline 0.002 -20"><span class='ocrx_word' id='word_1_44' title='bbox 70 1129 207 1198; x_wconf 83' lang='lat' dir='ltr'>auctor</span> <span class='ocrx_word' id='word_1_45' title='bbox 232 1147 307 1195; x_wconf 93' lang='lat' dir='ltr'><strong>non</strong></span> <span class='ocrx_word' id='word_1_46' title='bbox 334 1124 482 1214; x_wconf 87' lang='lat' dir='ltr'><strong>luisset,</strong></span> <span class='ocrx_word' id='word_1_47' title='bbox 509 1121 610 1196; x_wconf 92' lang='lat' dir='ltr'><strong>nulla</strong></span> <span class='ocrx_word' id='word_1_48' title='bbox 637 1125 676 1196; x_wconf 95' lang='lat' dir='ltr'><strong>in</strong></span> <span class='ocrx_word' id='word_1_49' title='bbox 703 1147 742 1196; x_wconf 92' lang='lat' dir='ltr'><strong>re</strong></span> <span class='ocrx_word' id='word_1_50' title='bbox 770 1126 959 1196; x_wconf 90' lang='lat' dir='ltr'><strong>communi</strong></span> <span class='ocrx_word' id='word_1_51' title='bbox 988 1123 1098 1196; x_wconf 86' lang='lat' dir='ltr'><strong>saluti</strong></span> <span class='ocrx_word' id='word_1_52' title='bbox 1127 1124 1190 1196; x_wconf 61' lang='lat' dir='ltr'><strong>de*</strong></span> 
     </span>
     <span class='ocr_line' id='line_1_8' title="bbox 74 1239 1259 1339; baseline 0.002 -29"><span class='ocrx_word' id='word_1_53' title='bbox 74 1245 185 1326; x_wconf 86' lang='lat' dir='ltr'><strong>erat,</strong></span> <span class='ocrx_word' id='word_1_54' title='bbox 211 1245 249 1312; x_wconf 84' lang='lat' dir='ltr'><strong>et</strong></span> <span class='ocrx_word' id='word_1_55' title='bbox 265 1239 303 1310; x_wconf 94' lang='lat' dir='ltr'><strong>in</strong></span> <span class='ocrx_word' id='word_1_56' title='bbox 322 1239 548 1339; x_wconf 75' lang='lat' dir='ltr'><strong>adpellandis</strong></span> <span class='ocrx_word' id='word_1_57' title='bbox 567 1239 880 1336; x_wconf 74' lang='lat' dir='ltr'><strong>cohortandisque</strong></span> <span class='ocrx_word' id='word_1_58' title='bbox 899 1239 1099 1329; x_wconf 82' lang='lat' dir='ltr'><strong>militibus,</strong></span> <span class='ocrx_word' id='word_1_59' title='bbox 1121 1244 1189 1312; x_wconf 90' lang='lat' dir='ltr'><strong>im·</strong></span> <span class='ocrx_word' id='word_1_60' title='bbox 1255 1245 1259 1258; x_wconf 95' lang='lat'><em>&#39;</em></span> 
     </span>
     <span class='ocr_line' id='line_1_9' title="bbox 69 1353 1189 1458; baseline 0 -30"><span class='ocrx_word' id='word_1_61' title='bbox 69 1358 252 1454; x_wconf 82' lang='lat' dir='ltr'><strong>paraturis</strong></span> <span class='ocrx_word' id='word_1_62' title='bbox 269 1359 356 1430; x_wconf 89' lang='lat' dir='ltr'><strong>etin</strong></span> <span class='ocrx_word' id='word_1_63' title='bbox 376 1379 500 1458; x_wconf 84' lang='lat' dir='ltr'><strong>pugna</strong></span> <span class='ocrx_word' id='word_1_64' title='bbox 517 1355 645 1432; x_wconf 90' lang='lat' dir='ltr'><strong>militis</strong></span> <span class='ocrx_word' id='word_1_65' title='bbox 664 1353 787 1428; x_wconf 88' lang='lat' dir='ltr'><strong>officia</strong></span> <span class='ocrx_word' id='word_1_66' title='bbox 806 1357 1029 1454; x_wconf 75' lang='lat' dir='ltr'><strong>praestabat.</strong></span> <span class='ocrx_word' id='word_1_67' title='bbox 1044 1361 1189 1449; x_wconf 88' lang='lat' dir='ltr'><strong>Quum·</strong></span> 
     </span>
     <span class='ocr_line' id='line_1_10' title="bbox 70 1469 1186 1572; baseline 0.002 -31"><span class='ocrx_word' id='word_1_68' title='bbox 70 1494 143 1568; x_wconf 91' lang='lat' dir='ltr'><strong>que</strong></span> <span class='ocrx_word' id='word_1_69' title='bbox 168 1477 321 1571; x_wconf 89' lang='lat' dir='ltr'><strong>propter</strong></span> <span class='ocrx_word' id='word_1_70' title='bbox 344 1472 615 1572; x_wconf 81' lang='lat' dir='ltr'><strong>longitudinem</strong></span> <span class='ocrx_word' id='word_1_71' title='bbox 643 1471 800 1570; x_wconf 82' lang='lat' dir='ltr'><strong>agminis</strong></span> <span class='ocrx_word' id='word_1_72' title='bbox 827 1495 949 1544; x_wconf 78' lang='lat' dir='ltr'><strong>minus</strong></span> <span class='ocrx_word' id='word_1_73' title='bbox 977 1469 1083 1544; x_wconf 80' lang='lat' dir='ltr'><strong>facile</strong></span> <span class='ocrx_word' id='word_1_74' title='bbox 1119 1493 1186 1569; x_wconf 91' lang='lat' dir='ltr'><strong>per</strong></span> 
     </span>
     <span class='ocr_line' id='line_1_11' title="bbox 68 1586 1187 1686; baseline 0 -24"><span class='ocrx_word' id='word_1_75' title='bbox 68 1611 109 1662; x_wconf 82' lang='lat' dir='ltr'><strong>se</strong></span> <span class='ocrx_word' id='word_1_76' title='bbox 135 1591 258 1662; x_wconf 86' lang='lat' dir='ltr'><strong>omnia</strong></span> <span class='ocrx_word' id='word_1_77' title='bbox 286 1591 387 1663; x_wconf 90' lang='lat' dir='ltr'><strong>obire</strong></span> <span class='ocrx_word' id='word_1_78' title='bbox 414 1597 477 1680; x_wconf 88' lang='lat' dir='ltr'><strong>et,</strong></span> <span class='ocrx_word' id='word_1_79' title='bbox 504 1589 593 1686; x_wconf 90' lang='lat' dir='ltr'><strong>quid</strong></span> <span class='ocrx_word' id='word_1_80' title='bbox 619 1609 770 1686; x_wconf 89' lang='lat' dir='ltr'><strong>quoque</strong></span> <span class='ocrx_word' id='word_1_81' title='bbox 796 1586 881 1660; x_wconf 90' lang='lat' dir='ltr'><strong>loco</strong></span> <span class='ocrx_word' id='word_1_82' title='bbox 900 1586 1110 1683; x_wconf 83' lang='lat' dir='ltr'><strong>laciendum</strong></span> <span class='ocrx_word' id='word_1_83' title='bbox 1132 1613 1187 1662; x_wconf 84' lang='lat' dir='ltr'><strong>es·</strong></span> 
     </span>
     <span class='ocr_line' id='line_1_12' title="bbox 67 1700 1186 1804; baseline 0.001 -30"><span class='ocrx_word' id='word_1_84' title='bbox 67 1707 150 1791; x_wconf 81' lang='lat' dir='ltr'><strong>set,</strong></span> <span class='ocrx_word' id='word_1_85' title='bbox 176 1703 370 1800; x_wconf 86' lang='lat' dir='ltr'><strong>providere</strong></span> <span class='ocrx_word' id='word_1_86' title='bbox 397 1709 577 1804; x_wconf 81' lang='lat' dir='ltr'><strong>possent,</strong></span> <span class='ocrx_word' id='word_1_87' title='bbox 603 1702 792 1774; x_wconf 90' lang='lat' dir='ltr'><strong>iusserunt</strong></span> <span class='ocrx_word' id='word_1_88' title='bbox 831 1700 1105 1800; x_wconf 83' lang='lat' dir='ltr'><strong>pronunciare,</strong></span> <span class='ocrx_word' id='word_1_89' title='bbox 1141 1707 1186 1776; x_wconf 86' lang='lat' dir='ltr'><strong>ut</strong></span> 
     </span>
     <span class='ocr_line' id='line_1_13' title="bbox 65 1813 1185 1914; baseline -0.001 -27"><span class='ocrx_word' id='word_1_90' title='bbox 65 1815 321 1912; x_wconf 88' lang='lat' dir='ltr'><strong>iupedimenta</strong></span> <span class='ocrx_word' id='word_1_91' title='bbox 345 1817 599 1914; x_wconf 79' lang='lat' dir='ltr'><strong>relinquerent</strong></span> <span class='ocrx_word' id='word_1_92' title='bbox 627 1822 740 1912; x_wconf 88' lang='lat' dir='ltr'><strong>atque</strong></span> <span class='ocrx_word' id='word_1_93' title='bbox 767 1815 804 1888; x_wconf 92' lang='lat' dir='ltr'><strong>in</strong></span> <span class='ocrx_word' id='word_1_94' title='bbox 832 1813 962 1886; x_wconf 90' lang='lat' dir='ltr'><strong>orbem</strong></span> <span class='ocrx_word' id='word_1_95' title='bbox 997 1815 1185 1886; x_wconf 85' lang='lat' dir='ltr'><strong>consiste·-</strong></span> 
     </span>
     <span class='ocr_line' id='line_1_14' title="bbox 66 1929 1184 2031; baseline 0.003 -30"><span class='ocrx_word' id='word_1_96' title='bbox 66 1937 163 2002; x_wconf 85' lang='lat' dir='ltr'><strong>rent</strong></span> <span class='ocrx_word' id='word_1_97' title='bbox 203 1933 313 2023; x_wconf 88' lang='lat' dir='ltr'><strong>Quod</strong></span> <span class='ocrx_word' id='word_1_98' title='bbox 340 1933 536 2006; x_wconf 90' lang='lat' dir='ltr'><strong>consilium</strong></span> <span class='ocrx_word' id='word_1_99' title='bbox 563 1935 631 2006; x_wconf 82' lang='lat' dir='ltr'><strong>etsi</strong></span> <span class='ocrx_word' id='word_1_100' title='bbox 657 1932 696 2006; x_wconf 93' lang='lat' dir='ltr'><strong>in</strong></span> <span class='ocrx_word' id='word_1_101' title='bbox 723 1929 903 2004; x_wconf 91' lang='lat' dir='ltr'><strong>eiusmodi</strong></span> <span class='ocrx_word' id='word_1_102' title='bbox 932 1955 1021 2004; x_wconf 92' lang='lat' dir='ltr'><strong>casu</strong></span> <span class='ocrx_word' id='word_1_103' title='bbox 1057 1957 1184 2031; x_wconf 86' lang='lat' dir='ltr'><strong>repre-</strong></span> 
     </span>
     <span class='ocr_line' id='line_1_15' title="bbox 65 2046 1185 2138; baseline 0.008 -21"><span class='ocrx_word' id='word_1_104' title='bbox 65 2046 303 2120; x_wconf 85' lang='lat' dir='ltr'><strong>hendendum</strong></span> <span class='ocrx_word' id='word_1_105' title='bbox 323 2075 396 2121; x_wconf 91' lang='lat' dir='ltr'><strong>uon</strong></span> <span class='ocrx_word' id='word_1_106' title='bbox 415 2057 486 2138; x_wconf 88' lang='lat' dir='ltr'><strong>est,</strong></span> <span class='ocrx_word' id='word_1_107' title='bbox 510 2057 636 2122; x_wconf 88' lang='lat' dir='ltr'><strong>tamen</strong></span> <span class='ocrx_word' id='word_1_108' title='bbox 655 2049 892 2123; x_wconf 88' lang='lat' dir='ltr'><strong>incommode</strong></span> <span class='ocrx_word' id='word_1_109' title='bbox 911 2050 1069 2124; x_wconf 88' lang='lat' dir='ltr'><strong>accidit:</strong></span> <span class='ocrx_word' id='word_1_110' title='bbox 1094 2077 1185 2126; x_wconf 81' lang='lat' dir='ltr'><strong>naor</strong></span> 
     </span>
     <span class='ocr_line' id='line_1_16' title="bbox 64 2163 1181 2263; baseline 0.007 -33"><span class='ocrx_word' id='word_1_111' title='bbox 64 2165 104 2230; x_wconf 91' lang='lat' dir='ltr'><strong>et</strong></span> <span class='ocrx_word' id='word_1_112' title='bbox 130 2164 266 2234; x_wconf 83' lang='lat' dir='ltr'><strong>nostris</strong></span> <span class='ocrx_word' id='word_1_113' title='bbox 293 2163 473 2238; x_wconf 87' lang='lat' dir='ltr'><strong>militibus</strong></span> <span class='ocrx_word' id='word_1_114' title='bbox 503 2190 607 2263; x_wconf 90' lang='lat' dir='ltr'><strong>spem</strong></span> <span class='ocrx_word' id='word_1_115' title='bbox 634 2165 772 2238; x_wconf 91' lang='lat' dir='ltr'><strong>minuit</strong></span> <span class='ocrx_word' id='word_1_116' title='bbox 806 2169 844 2236; x_wconf 87' lang='lat' dir='ltr'><strong>et</strong></span> <span class='ocrx_word' id='word_1_117' title='bbox 878 2163 1004 2236; x_wconf 89' lang='lat' dir='ltr'><strong>hostes</strong></span> <span class='ocrx_word' id='word_1_118' title='bbox 1039 2164 1086 2235; x_wconf 84' lang='lat' dir='ltr'><strong>ad</strong></span> <span class='ocrx_word' id='word_1_119' title='bbox 1114 2189 1181 2261; x_wconf 92' lang='lat' dir='ltr'><strong>pu-</strong></span> 
     </span>
     <span class='ocr_line' id='line_1_17' title="bbox 63 2277 1181 2378; baseline 0.006 -31"><span class='ocrx_word' id='word_1_120' title='bbox 63 2301 176 2378; x_wconf 86' lang='lat' dir='ltr'><strong>gnam</strong></span> <span class='ocrx_word' id='word_1_121' title='bbox 204 2277 401 2356; x_wconf 82' lang='lat' dir='ltr'><strong>alacriores</strong></span> <span class='ocrx_word' id='word_1_122' title='bbox 427 2281 576 2372; x_wconf 83' lang='lat' dir='ltr'><strong>effecit,</strong></span> <span class='ocrx_word' id='word_1_123' title='bbox 611 2281 711 2378; x_wconf 89' lang='lat' dir='ltr'><strong>quod</strong></span> <span class='ocrx_word' id='word_1_124' title='bbox 739 2305 814 2354; x_wconf 92' lang='lat' dir='ltr'><strong>non</strong></span> <span class='ocrx_word' id='word_1_125' title='bbox 849 2280 925 2354; x_wconf 88' lang='lat' dir='ltr'><strong>sine</strong></span> <span class='ocrx_word' id='word_1_126' title='bbox 952 2287 1101 2354; x_wconf 85' lang='lat' dir='ltr'><strong>surnmo</strong></span> <span class='ocrx_word' id='word_1_127' title='bbox 1128 2283 1181 2354; x_wconf 86' lang='lat' dir='ltr'><strong>ti-</strong></span> 
     </span>
     <span class='ocr_line' id='line_1_18' title="bbox 61 2395 1197 2496; baseline 0.009 -33"><span class='ocrx_word' id='word_1_128' title='bbox 61 2417 168 2465; x_wconf 88' lang='lat' dir='ltr'><strong>more</strong></span> <span class='ocrx_word' id='word_1_129' title='bbox 193 2401 232 2468; x_wconf 85' lang='lat' dir='ltr'><strong>et</strong></span> <span class='ocrx_word' id='word_1_130' title='bbox 259 2395 513 2496; x_wconf 88' lang='lat' dir='ltr'><strong>desperatione</strong></span> <span class='ocrx_word' id='word_1_131' title='bbox 538 2396 576 2472; x_wconf 91' lang='lat' dir='ltr'><strong>id</strong></span> <span class='ocrx_word' id='word_1_132' title='bbox 603 2397 746 2470; x_wconf 87' lang='lat' dir='ltr'><strong>lactum</strong></span> <span class='ocrx_word' id='word_1_133' title='bbox 774 2397 983 2470; x_wconf 89' lang='lat' dir='ltr'><strong>videbatur.</strong></span> <span class='ocrx_word' id='word_1_134' title='bbox 1026 2399 1197 2496; x_wconf 65' lang='lat' dir='ltr'><strong>Praete-v</strong></span> 
     </span>
     <span class='ocr_line' id='line_1_19' title="bbox 61 2509 1177 2610; baseline 0.008 -33"><span class='ocrx_word' id='word_1_135' title='bbox 61 2531 128 2578; x_wconf 90' lang='lat' dir='ltr'><strong>rea</strong></span> <span class='ocrx_word' id='word_1_136' title='bbox 155 2509 314 2600; x_wconf 89' lang='lat' dir='ltr'><strong>accidit,</strong></span> <span class='ocrx_word' id='word_1_137' title='bbox 339 2512 438 2610; x_wconf 91' lang='lat' dir='ltr'><strong>quod</strong></span> <span class='ocrx_word' id='word_1_138' title='bbox 460 2513 539 2586; x_wconf 84' lang='lat' dir='ltr'><strong>fieri</strong></span> <span class='ocrx_word' id='word_1_139' title='bbox 557 2537 704 2586; x_wconf 90' lang='lat' dir='ltr'><strong>necesse</strong></span> <span class='ocrx_word' id='word_1_140' title='bbox 724 2518 824 2602; x_wconf 89' lang='lat' dir='ltr'><strong>erat,</strong></span> <span class='ocrx_word' id='word_1_141' title='bbox 843 2519 887 2586; x_wconf 89' lang='lat' dir='ltr'><strong>ut</strong></span> <span class='ocrx_word' id='word_1_142' title='bbox 909 2509 1021 2610; x_wconf 85' lang='lat' dir='ltr'><strong>vulgo</strong></span> <span class='ocrx_word' id='word_1_143' title='bbox 1040 2509 1177 2586; x_wconf 85' lang='lat' dir='ltr'><strong>milites</strong></span> 
     </span>
     <span class='ocr_line' id='line_1_20' title="bbox 59 2621 1177 2726; baseline 0.005 -34"><span class='ocrx_word' id='word_1_144' title='bbox 59 2621 108 2692; x_wconf 89' lang='lat' dir='ltr'><strong>ab</strong></span> <span class='ocrx_word' id='word_1_145' title='bbox 136 2623 248 2722; x_wconf 85' lang='lat' dir='ltr'><strong>signis</strong></span> <span class='ocrx_word' id='word_1_146' title='bbox 274 2626 532 2716; x_wconf 88' lang='lat' dir='ltr'><strong>discederent,</strong></span> <span class='ocrx_word' id='word_1_147' title='bbox 559 2653 653 2726; x_wconf 88' lang='lat' dir='ltr'><strong>quae</strong></span> <span class='ocrx_word' id='word_1_148' title='bbox 680 2629 836 2725; x_wconf 84' lang='lat' dir='ltr'><strong>quisque</strong></span> <span class='ocrx_word' id='word_1_149' title='bbox 863 2649 993 2700; x_wconf 90' lang='lat' dir='ltr'><strong>eorum</strong></span> <span class='ocrx_word' id='word_1_150' title='bbox 1028 2625 1177 2698; x_wconf 88' lang='lat' dir='ltr'><strong>carissi-</strong></span> 
     </span>
     <span class='ocr_line' id='line_1_21' title="bbox 59 2738 1176 2844; baseline 0.004 -35"><span class='ocrx_word' id='word_1_151' title='bbox 59 2763 124 2810; x_wconf 85' lang='lat' dir='ltr'><strong>ma</strong></span> <span class='ocrx_word' id='word_1_152' title='bbox 152 2738 326 2832; x_wconf 74' lang='lat' dir='ltr'><strong>liaberet,</strong></span> <span class='ocrx_word' id='word_1_153' title='bbox 352 2744 399 2816; x_wconf 89' lang='lat' dir='ltr'><strong>ab</strong></span> <span class='ocrx_word' id='word_1_154' title='bbox 424 2743 685 2844; x_wconf 83' lang='lat' dir='ltr'><strong>inpedimentis</strong></span> <span class='ocrx_word' id='word_1_155' title='bbox 711 2750 836 2842; x_wconf 89' lang='lat' dir='ltr'><strong>petere</strong></span> <span class='ocrx_word' id='word_1_156' title='bbox 868 2747 981 2839; x_wconf 86' lang='lat' dir='ltr'><strong>atque</strong></span> <span class='ocrx_word' id='word_1_157' title='bbox 1008 2741 1176 2840; x_wconf 85' lang='lat' dir='ltr'><strong>abripere</strong></span> 
     </span>
     <span class='ocr_line' id='line_1_22' title="bbox 56 2857 1254 2958; baseline 0.006 -30"><span class='ocrx_word' id='word_1_158' title='bbox 56 2865 298 2954; x_wconf 85' lang='lat' dir='ltr'><strong>properaret,</strong></span> <span class='ocrx_word' id='word_1_159' title='bbox 324 2859 488 2934; x_wconf 89' lang='lat' dir='ltr'><strong>clamore</strong></span> <span class='ocrx_word' id='word_1_160' title='bbox 516 2885 559 2934; x_wconf 88' lang='lat' dir='ltr'><strong>ac</strong></span> <span class='ocrx_word' id='word_1_161' title='bbox 585 2859 677 2934; x_wconf 89' lang='lat' dir='ltr'><strong>fletu</strong></span> <span class='ocrx_word' id='word_1_162' title='bbox 705 2861 830 2932; x_wconf 91' lang='lat' dir='ltr'><strong>omnia</strong></span> <span class='ocrx_word' id='word_1_163' title='bbox 858 2857 1150 2958; x_wconf 85' lang='lat' dir='ltr'><strong>complerentur.</strong></span> <span class='ocrx_word' id='word_1_164' title='bbox 1251 2903 1254 2914; x_wconf 91' lang='lat'>·</span> 
     </span>
     <span class='ocr_line' id='line_1_23' title="bbox 61 2972 1176 3057; baseline 0.005 -15"><span class='ocrx_word' id='word_1_165' title='bbox 61 3023 65 3031; x_wconf 78' lang='lat'>‚</span> <span class='ocrx_word' id='word_1_166' title='bbox 110 2972 170 3057; x_wconf 78' lang='grc'><strong>34.</strong></span> <span class='ocrx_word' id='word_1_167' title='bbox 197 2975 249 3046; x_wconf 80' lang='lat' dir='ltr'><strong>At</strong></span> <span class='ocrx_word' id='word_1_168' title='bbox 274 2974 441 3050; x_wconf 88' lang='lat' dir='ltr'><strong>barbaris</strong></span> <span class='ocrx_word' id='word_1_169' title='bbox 468 2974 666 3048; x_wconf 87' lang='lat' dir='ltr'><strong>consilium</strong></span> <span class='ocrx_word' id='word_1_170' title='bbox 690 2999 765 3048; x_wconf 92' lang='lat' dir='ltr'><strong>non</strong></span> <span class='ocrx_word' id='word_1_171' title='bbox 793 2975 929 3048; x_wconf 87' lang='lat' dir='ltr'><strong>deluit:</strong></span> <span class='ocrx_word' id='word_1_172' title='bbox 954 2999 1041 3046; x_wconf 89' lang='lat' dir='ltr'><strong>nam</strong></span> <span class='ocrx_word' id='word_1_173' title='bbox 1062 2975 1176 3048; x_wconf 86' lang='lat' dir='ltr'><strong>duces</strong></span> 
     </span>
     <span class='ocr_line' id='line_1_24' title="bbox 57 3090 1175 3188; baseline 0.005 -32"><span class='ocrx_word' id='word_1_174' title='bbox 57 3107 190 3156; x_wconf 88' lang='lat' dir='ltr'><strong>eorum</strong></span> <span class='ocrx_word' id='word_1_175' title='bbox 215 3093 296 3160; x_wconf 87' lang='lat' dir='ltr'><strong>tota</strong></span> <span class='ocrx_word' id='word_1_176' title='bbox 322 3091 400 3162; x_wconf 86' lang='lat' dir='ltr'><strong>acie</strong></span> <span class='ocrx_word' id='word_1_177' title='bbox 428 3090 674 3187; x_wconf 88' lang='lat' dir='ltr'><strong>pronunciare</strong></span> <span class='ocrx_word' id='word_1_178' title='bbox 704 3091 913 3180; x_wconf 87' lang='lat' dir='ltr'><strong>iusserunt,</strong></span> <span class='ocrx_word' id='word_1_179' title='bbox 945 3115 989 3162; x_wconf 84' lang='lat' dir='ltr'><strong>ne</strong></span> <span class='ocrx_word' id='word_1_180' title='bbox 1014 3095 1094 3188; x_wconf 73' lang='lat' dir='ltr'><strong>quis</strong></span> <span class='ocrx_word' id='word_1_181' title='bbox 1129 3090 1175 3162; x_wconf 85' lang='lat' dir='ltr'><strong>ab</strong></span> 
     </span>
     <span class='ocr_line' id='line_1_25' title="bbox 54 3201 1176 3306; baseline 0.011 -36"><span class='ocrx_word' id='word_1_182' title='bbox 54 3201 130 3272; x_wconf 87' lang='lat' dir='ltr'><strong>loco</strong></span> <span class='ocrx_word' id='word_1_183' title='bbox 157 3203 371 3278; x_wconf 78' lang='lat' dir='ltr'><strong>discederet:</strong></span> <span class='ocrx_word' id='word_1_184' title='bbox 401 3208 545 3278; x_wconf 75' lang='lat' dir='ltr'><strong>illorum</strong></span> <span class='ocrx_word' id='word_1_185' title='bbox 570 3232 646 3280; x_wconf 84' lang='lat' dir='ltr'><strong>esse</strong></span> <span class='ocrx_word' id='word_1_186' title='bbox 667 3208 865 3306; x_wconf 84' lang='lat' dir='ltr'><strong>praedam,</strong></span> <span class='ocrx_word' id='word_1_187' title='bbox 890 3221 995 3306; x_wconf 77' lang='lat' dir='ltr'><strong>atqua</strong></span> <span class='ocrx_word' id='word_1_188' title='bbox 1019 3209 1093 3280; x_wconf 74' lang='lat' dir='ltr'><strong>illis</strong></span> <span class='ocrx_word' id='word_1_189' title='bbox 1116 3235 1176 3282; x_wconf 88' lang='lat' dir='ltr'><strong>re-</strong></span> 
     </span>
     <span class='ocr_line' id='line_1_26' title="bbox 54 3323 1176 3423; baseline 0.01 -35"><span class='ocrx_word' id='word_1_190' title='bbox 54 3326 193 3392; x_wconf 82' lang='lat' dir='ltr'><strong>servari</strong></span> <span class='ocrx_word' id='word_1_191' title='bbox 205 3375 215 3407; x_wconf 98' lang='lat'><strong>,</strong></span> <span class='ocrx_word' id='word_1_192' title='bbox 253 3347 495 3421; x_wconf 79' lang='lat' dir='ltr'><strong>quoecumque</strong></span> <span class='ocrx_word' id='word_1_193' title='bbox 534 3323 692 3396; x_wconf 74' lang='lat' dir='ltr'><strong>Romani</strong></span> <span class='ocrx_word' id='word_1_194' title='bbox 733 3324 985 3421; x_wconf 66' lang='lat' dir='ltr'><strong>reb&#39;qurirsaut:</strong></span> <span class='ocrx_word' id='word_1_195' title='bbox 1025 3326 1176 3423; x_wconf 83' lang='lat' dir='ltr'><strong>proinde</strong></span> 
     </span>
     <span class='ocr_line' id='line_1_27' title="bbox 53 3441 1175 3537; baseline 0.012 -34"><span class='ocrx_word' id='word_1_196' title='bbox 53 3441 175 3507; x_wconf 75' lang='lat' dir='ltr'><strong>orrrrzr&#39;a</strong></span> <span class='ocrx_word' id='word_1_197' title='bbox 201 3441 241 3510; x_wconf 86' lang='lat' dir='ltr'><strong>r&#39;u</strong></span> <span class='ocrx_word' id='word_1_198' title='bbox 267 3441 417 3512; x_wconf 81' lang='lat' dir='ltr'><strong>victorio</strong></span> <span class='ocrx_word' id='word_1_199' title='bbox 437 3442 557 3537; x_wconf 79' lang='lat' dir='ltr'><strong>positu</strong></span> <span class='ocrx_word' id='word_1_200' title='bbox 581 3443 847 3514; x_wconf 64' lang='lat' dir='ltr'><strong>sublunarem.</strong></span> <span class='ocrx_word' id='word_1_201' title='bbox 897 3441 1017 3515; x_wconf 84' lang='lat' dir='ltr'><strong>Erant</strong></span> <span class='ocrx_word' id='word_1_202' title='bbox 1042 3449 1081 3516; x_wconf 89' lang='lat' dir='ltr'><strong>et</strong></span> <span class='ocrx_word' id='word_1_203' title='bbox 1102 3443 1175 3516; x_wconf 86' lang='lat' dir='ltr'><strong>vir-</strong></span> 
     </span>
    </p>
   </div>
   <div class='ocr_carea' id='block_1_3' title="bbox 53 3699 1172 4454">
    <p class='ocr_par' dir='ltr' id='par_1_3' title="bbox 53 3699 1172 4454">
     <span class='ocr_line' id='line_1_28' title="bbox 54 3699 944 3824; baseline 0.013 -77"><span class='ocrx_word' id='word_1_204' title='bbox 54 3710 116 3816; x_wconf 54' lang='grc' dir='ltr'><strong>ΒΕιὲι</strong></span> <span class='ocrx_word' id='word_1_205' title='bbox 128 3703 300 3822; x_wconf 60' lang='lat' dir='ltr'><strong>icequrmlorpnip</strong></span> <span class='ocrx_word' id='word_1_206' title='bbox 322 3699 375 3772; x_wconf 66' lang='lat' dir='ltr'><strong>defi</strong></span> <span class='ocrx_word' id='word_1_207' title='bbox 403 3719 431 3752; x_wconf 85' lang='grc' dir='ltr'><strong>ν.</strong></span> <span class='ocrx_word' id='word_1_208' title='bbox 474 3699 530 3754; x_wconf 80' lang='lat' dir='ltr'><strong>Alii</strong></span> <span class='ocrx_word' id='word_1_209' title='bbox 548 3707 579 3754; x_wconf 84' lang='lat' dir='ltr'><strong>ei.</strong></span> <span class='ocrx_word' id='word_1_210' title='bbox 646 3705 760 3824; x_wconf 62' lang='lat' dir='ltr'><strong>uiaqupe</strong></span> <span class='ocrx_word' id='word_1_211' title='bbox 777 3708 891 3824; x_wconf 74' lang='lat' dir='ltr'><strong>quirqpe.</strong></span> <span class='ocrx_word' id='word_1_212' title='bbox 938 3779 944 3789; x_wconf 27' lang='grc' dir='ltr'>υ</span> 
     </span>
     <span class='ocr_line' id='line_1_29' title="bbox 85 3785 1172 3911; baseline 0.016 -30"><span class='ocrx_word' id='word_1_213' title='bbox 85 3785 149 3902; x_wconf 71' lang='lat' dir='ltr'><strong>qlld</strong></span> <span class='ocrx_word' id='word_1_214' title='bbox 165 3807 266 3904; x_wconf 58' lang='lat' dir='ltr'><strong>quoqud</strong></span> <span class='ocrx_word' id='word_1_215' title='bbox 283 3802 338 3886; x_wconf 72' lang='lat' dir='ltr'><strong>laico</strong></span> <span class='ocrx_word' id='word_1_216' title='bbox 346 3835 404 3906; x_wconf 81' lang='lat' dir='ltr'><strong>sac.</strong></span> <span class='ocrx_word' id='word_1_217' title='bbox 420 3847 493 3890; x_wconf 79' lang='lat' dir='ltr'><strong>esset.</strong></span> <span class='ocrx_word' id='word_1_218' title='bbox 521 3835 579 3890; x_wconf 81' lang='lat' dir='ltr'><strong>Alii</strong></span> <span class='ocrx_word' id='word_1_219' title='bbox 678 3791 1036 3911; x_wconf 45' lang='lat' dir='ltr'><strong>dffiree.maflepumpleiqe.et</strong></span> <span class='ocrx_word' id='word_1_220' title='bbox 1059 3843 1172 3898; x_wconf 75' lang='lat' dir='ltr'><strong>clamore</strong></span> 
     </span>
     <span class='ocr_line' id='line_1_30' title="bbox 56 3917 1171 4046; baseline 0.015 -30"><span class='ocrx_word' id='word_1_221' title='bbox 56 3917 265 4035; x_wconf 61' lang='lat' dir='ltr'><strong>qupiiidridndun.</strong></span> <span class='ocrx_word' id='word_1_222' title='bbox 319 3970 362 4024; x_wconf 82' lang='lat' dir='ltr'><strong>sic</strong></span> <span class='ocrx_word' id='word_1_223' title='bbox 400 3973 580 4043; x_wconf 78' lang='lat' dir='ltr'><strong>antiquissimi</strong></span> <span class='ocrx_word' id='word_1_224' title='bbox 644 3917 769 4028; x_wconf 56' lang='lat' dir='ltr'><strong>etcdiurne</strong></span> <span class='ocrx_word' id='word_1_225' title='bbox 785 4005 817 4016; x_wconf 91' lang='lat'>-</span> <span class='ocrx_word' id='word_1_226' title='bbox 832 3977 969 4046; x_wconf 79' lang='lat' dir='ltr'><strong>ponebant.</strong></span> <span class='ocrx_word' id='word_1_227' title='bbox 1010 3975 1109 4030; x_wconf 90' lang='lat' dir='ltr'><strong>Locum</strong></span> <span class='ocrx_word' id='word_1_228' title='bbox 1134 3981 1171 4033; x_wconf 82' lang='lat' dir='ltr'><strong>sie</strong></span> 
     </span>
     <span class='ocr_line' id='line_1_31' title="bbox 57 4033 1171 4115; baseline 0.015 -32"><span class='ocrx_word' id='word_1_229' title='bbox 57 4033 131 4088; x_wconf 87' lang='lat' dir='ltr'><strong>codd.</strong></span> <span class='ocrx_word' id='word_1_230' title='bbox 161 4035 306 4114; x_wconf 76' lang='lat' dir='ltr'><strong>subaudita</strong></span> <span class='ocrx_word' id='word_1_231' title='bbox 333 4041 488 4094; x_wconf 77' lang='lat' dir='ltr'><strong>aceruatiro.</strong></span> <span class='ocrx_word' id='word_1_232' title='bbox 534 4039 580 4094; x_wconf 77' lang='lat' dir='ltr'><strong>elii</strong></span> <span class='ocrx_word' id='word_1_233' title='bbox 646 4043 876 4113; x_wconf 72' lang='lat' dir='ltr'><strong>iutellingrsut</strong></span> <span class='ocrx_word' id='word_1_234' title='bbox 889 4044 996 4115; x_wconf 87' lang='lat' dir='ltr'><strong>quidem</strong></span> <span class='ocrx_word' id='word_1_235' title='bbox 1008 4048 1171 4106; x_wconf 80' lang='lat' dir='ltr'><strong>uostri,ctsi</strong></span> 
     </span>
     <span class='ocr_line' id='line_1_32' title="bbox 53 4108 1169 4176; baseline 0.013 -25"><span class='ocrx_word' id='word_1_236' title='bbox 53 4108 229 4170; x_wconf 77' lang='lat' dir='ltr'><strong>pronunciari.</strong></span> <span class='ocrx_word' id='word_1_237' title='bbox 646 4131 661 4162; x_wconf 84' lang='lat' dir='ltr'><strong>a</strong></span> <span class='ocrx_word' id='word_1_238' title='bbox 681 4111 784 4162; x_wconf 79' lang='lat' dir='ltr'><strong>fortune</strong></span> <span class='ocrx_word' id='word_1_239' title='bbox 803 4121 829 4164; x_wconf 84' lang='lat' dir='ltr'><strong>et</strong></span> <span class='ocrx_word' id='word_1_240' title='bbox 842 4109 910 4164; x_wconf 84' lang='lat' dir='ltr'><strong>&#39;duce</strong></span> <span class='ocrx_word' id='word_1_241' title='bbox 928 4111 1066 4176; x_wconf 83' lang='lat' dir='ltr'><strong>destituti,</strong></span> <span class='ocrx_word' id='word_1_242' title='bbox 1084 4113 1169 4166; x_wconf 88' lang='lat' dir='ltr'><strong>nihilo</strong></span> 
     </span>
     <span class='ocr_line' id='line_1_33' title="bbox 84 4171 1170 4242; baseline 0.013 -22"><span class='ocrx_word' id='word_1_243' title='bbox 84 4174 111 4220; x_wconf 90' lang='lat' dir='ltr'><strong>r&#39;n</strong></span> <span class='ocrx_word' id='word_1_244' title='bbox 128 4171 217 4221; x_wconf 70' lang='lat' dir='ltr'><strong>orbem</strong></span> <span class='ocrx_word' id='word_1_245' title='bbox 234 4175 408 4226; x_wconf 76' lang='lat' dir='ltr'><strong>auneiseerent.</strong></span> <span class='ocrx_word' id='word_1_246' title='bbox 434 4175 477 4228; x_wconf 80' lang='lat' dir='ltr'><strong>Cf.</strong></span> <span class='ocrx_word' id='word_1_247' title='bbox 495 4185 523 4240; x_wconf 75' lang='grc'><strong>4,</strong></span> <span class='ocrx_word' id='word_1_248' title='bbox 537 4173 577 4242; x_wconf 85' lang='grc'><strong>37.</strong></span> <span class='ocrx_word' id='word_1_249' title='bbox 645 4179 737 4230; x_wconf 85' lang='lat' dir='ltr'><strong>miuus</strong></span> <span class='ocrx_word' id='word_1_250' title='bbox 762 4179 821 4230; x_wconf 88' lang='lat' dir='ltr'><strong>aliis</strong></span> <span class='ocrx_word' id='word_1_251' title='bbox 841 4181 937 4231; x_wconf 78' lang='lat' dir='ltr'><strong>duabus</strong></span> <span class='ocrx_word' id='word_1_252' title='bbox 961 4181 993 4230; x_wconf 80' lang='lat' dir='ltr'><strong>de</strong></span> <span class='ocrx_word' id='word_1_253' title='bbox 1009 4187 1117 4242; x_wconf 81' lang='lat' dir='ltr'><strong>caussis,</strong></span> <span class='ocrx_word' id='word_1_254' title='bbox 1142 4189 1170 4234; x_wconf 84' lang='lat' dir='ltr'><strong>et</strong></span> 
     </span>
     <span class='ocr_line' id='line_1_34' title="bbox 85 4239 1170 4320; baseline 0.013 -34"><span class='ocrx_word' id='word_1_255' title='bbox 85 4239 118 4287; x_wconf 83' lang='lat' dir='ltr'><strong>ud</strong></span> <span class='ocrx_word' id='word_1_256' title='bbox 133 4256 258 4318; x_wconf 69' lang='lat' dir='ltr'><strong>pugium.</strong></span> <span class='ocrx_word' id='word_1_257' title='bbox 284 4240 340 4292; x_wconf 80' lang='lat' dir='ltr'><strong>Alii</strong></span> <span class='ocrx_word' id='word_1_258' title='bbox 357 4245 391 4292; x_wconf 83' lang='lat' dir='ltr'><strong>ad</strong></span> <span class='ocrx_word' id='word_1_259' title='bbox 405 4246 578 4314; x_wconf 77' lang='lat' dir='ltr'><strong>pugnandum.</strong></span> <span class='ocrx_word' id='word_1_260' title='bbox 647 4245 743 4298; x_wconf 76' lang='lat' dir='ltr'><strong>virtius</strong></span> <span class='ocrx_word' id='word_1_261' title='bbox 762 4255 788 4298; x_wconf 84' lang='lat' dir='ltr'><strong>et</strong></span> <span class='ocrx_word' id='word_1_262' title='bbox 804 4265 933 4310; x_wconf 83' lang='lat' dir='ltr'><strong>numero,</strong></span> <span class='ocrx_word' id='word_1_263' title='bbox 974 4267 1028 4300; x_wconf 85' lang='lat' dir='ltr'><strong>ares</strong></span> <span class='ocrx_word' id='word_1_264' title='bbox 1052 4267 1170 4320; x_wconf 82' lang='lat' dir='ltr'><strong>puguan-</strong></span> 
     </span>
     <span class='ocr_line' id='line_1_35' title="bbox 85 4309 1169 4385; baseline 0.011 -31"><span class='ocrx_word' id='word_1_265' title='bbox 85 4322 151 4382; x_wconf 81' lang='lat' dir='ltr'><strong>quue</strong></span> <span class='ocrx_word' id='word_1_266' title='bbox 181 4323 295 4375; x_wconf 76' lang='lat' dir='ltr'><strong>quisquc.</strong></span> <span class='ocrx_word' id='word_1_267' title='bbox 351 4309 436 4379; x_wconf 77' lang='lat' dir='ltr'><strong>Vulgo</strong></span> <span class='ocrx_word' id='word_1_268' title='bbox 464 4331 580 4380; x_wconf 78' lang='lat' dir='ltr'><strong>quaeque</strong></span> <span class='ocrx_word' id='word_1_269' title='bbox 646 4311 695 4374; x_wconf 88' lang='lat' dir='ltr'><strong>do,</strong></span> <span class='ocrx_word' id='word_1_270' title='bbox 715 4313 741 4366; x_wconf 80' lang='lat' dir='ltr'><strong>lr.</strong></span> <span class='ocrx_word' id='word_1_271' title='bbox 759 4333 781 4364; x_wconf 89' lang='lat' dir='ltr'><strong>e.</strong></span> <span class='ocrx_word' id='word_1_272' title='bbox 807 4316 870 4368; x_wconf 86' lang='lat' dir='ltr'><strong>satis</strong></span> <span class='ocrx_word' id='word_1_273' title='bbox 892 4315 941 4370; x_wconf 80' lang='lat' dir='ltr'><strong>vali</strong></span> <span class='ocrx_word' id='word_1_274' title='bbox 965 4315 970 4327; x_wconf 90' lang='lat'>&#39;</span> <span class='ocrx_word' id='word_1_275' title='bbox 998 4313 1032 4368; x_wconf 86' lang='lat' dir='ltr'><strong>ad</strong></span> <span class='ocrx_word' id='word_1_276' title='bbox 1075 4334 1169 4385; x_wconf 84' lang='lat' dir='ltr'><strong>aguan-</strong></span> 
     </span>
     <span class='ocr_line' id='line_1_36' title="bbox 56 4337 1167 4454; baseline 0.013 -31"><span class='ocrx_word' id='word_1_277' title='bbox 56 4385 174 4442; x_wconf 75' lang='lat' dir='ltr'><strong>quuquae,</strong></span> <span class='ocrx_word' id='word_1_278' title='bbox 192 4374 240 4428; x_wconf 81' lang='lat' dir='ltr'><strong>sed</strong></span> <span class='ocrx_word' id='word_1_279' title='bbox 256 4375 385 4443; x_wconf 63' lang='lat' dir='ltr'><strong>sdrlxrst.</strong></span> <span class='ocrx_word' id='word_1_280' title='bbox 403 4387 430 4432; x_wconf 80' lang='lat' dir='ltr'><strong>et</strong></span> <span class='ocrx_word' id='word_1_281' title='bbox 446 4378 523 4434; x_wconf 84' lang='lat' dir='ltr'><strong>codd.</strong></span> <span class='ocrx_word' id='word_1_282' title='bbox 534 4377 579 4432; x_wconf 86' lang='lat' dir='ltr'><strong>bo·</strong></span> <span class='ocrx_word' id='word_1_283' title='bbox 646 4379 711 4434; x_wconf 77' lang='lat' dir='ltr'><strong>duna</strong></span> <span class='ocrx_word' id='word_1_284' title='bbox 723 4386 802 4448; x_wconf 87' lang='lat' dir='ltr'><strong>(uum</strong></span> <span class='ocrx_word' id='word_1_285' title='bbox 815 4381 863 4438; x_wconf 88' lang='lat' dir='ltr'><strong>boc</strong></span> <span class='ocrx_word' id='word_1_286' title='bbox 874 4392 927 4448; x_wconf 80' lang='lat' dir='ltr'><strong>est,</strong></span> <span class='ocrx_word' id='word_1_287' title='bbox 939 4337 1081 4454; x_wconf 73' lang='lat' dir='ltr'><strong>pugnaudo</strong></span> <span class='ocrx_word' id='word_1_288' title='bbox 1094 4403 1140 4454; x_wconf 90' lang='lat' dir='ltr'><strong>par</strong></span> <span class='ocrx_word' id='word_1_289' title='bbox 1146 4387 1167 4450; x_wconf 81' lang='lat'><strong>)3</strong></span> 
     </span>
    </p>
   </div>
   <div class='ocr_carea' id='block_1_4' title="bbox 0 0 1504 5268">
    <p class='ocr_par' dir='ltr' id='par_1_4' title="bbox 0 0 1504 5268">
     <span class='ocr_line' id='line_1_37' title="bbox 0 0 1504 5268; baseline 0 7"><span class='ocrx_word' id='word_1_290' title='bbox 0 0 1504 5268; x_wconf 95' lang='lat' dir='ltr'><strong> </strong></span> 
     </span>
    </p>
   </div>
  </div>
 </body>
</html>
