3028 5258
323 315 402 374 ιιιι.
438 313 495 376 ιιι.
531 315 623 374 oar.
664 285 907 376 aratur.
1092 281 1185 415 579
1249 269 1257 275 ‘⁸

50 523 359 606 interfecerant,
393 519 489 594 bella
521 546 609 594 cum
629 523 820 626 Aegyptiis
846 525 1047 622 gesserant.
1073 521 1185 606 Hunc

54 662 179 708 usum
208 637 259 708 rei
288 635 459 708 militaris
488 635 686 718 habebant.
739 733 741 738 Ι
791 709 796 724 ,

121 777 207 826 ιιι.
232 751 436 850 Hiscopiis
455 745 571 824 fidens
591 751 749 825 Achilla·
766 809 774 839 ,
794 755 1095 852 parcitatemque
1111 754 1186 826 rni-

49 866 178 938 litum
204 841 369 972 Caesdris
395 866 619 962 despiciens,
660 849 867 962 occupabat
887 866 1182 958 Alexandriam,

49 991 316 1088 praeteream
342 982 468 1082 oppidi
488 983 654 1081 partem,
681 1007 792 1080 quam
820 971 953 1058 elesa
976 980 1063 1058 cum
1088 983 1185 1057 mili·

50 1100 168 1171 tibus
198 1097 375 1186 tenebat,
398 1099 519 1196 prirpo
541 1098 669 1196 inpetu
696 1103 845 1186 arraspa
873 1080 952 1171 eius
969 1100 1183 1194 inrumpere
1258 1107 1262 1116 '

51 1218 256 1313 conatus:
284 1211 347 1284 sed
375 1211 529 1302 Caesar,
555 1211 740 1309 dispositis
758 1234 824 1312 per
842 1213 922 1286 vias
947 1212 1186 1305 cohortibus,

50 1329 237 1424 inpetum
262 1329 341 1400 eius
373 1328 564 1402 sustinuit.
596 1327 813 1424 Eodemque
840 1335 1009 1425 tempore
1035 1351 1185 1428 pugna-

51 1441 149 1514 tum
168 1448 227 1516 est
244 1443 291 1515 ad
311 1449 483 1541 portum
511 1441 681 1544 solonge
700 1445 905 1515 maximam
924 1465 967 1516 ea
990 1465 1050 1514 res
1067 1441 1181 1514 adtu-

50 1555 102 1628 lit
124 1557 417 1630 dimicationem.
445 1544 564 1637 Simul
583 1560 702 1647 enim,
719 1557 888 1630 'diductis
905 1557 1040 1655 copiis,
1063 1555 1182 1654 pluri-

50 1670 133 1742 bus
151 1670 220 1742 v-iis
236 1673 493 1772 pugnabatur,
506 1677 545 1745 et
562 1691 698 1770 magna
717 1670 957 1745 multitudine
972 1675 1085 1742 naves
1099 1667 1181 1742 lon·

52 1813 126 1884 gas
145 1807 331 1886 occupare
352 1791 475 1863 hostes
499 1789 752 1880 conabantur,
770 1811 929 1884 quarum
945 1794 1051 1861 erant
1070 1791 1178 1886 quin*

54 1904 244 2002 quaginta
262 1901 401 1974 auxilio
419 1902 618 1988 missaead
644 1903 885 2002 Pompeium,
902 1902 1115 2000 proelioque
1141 1905 1180 1974 in

51 2009 252 2090 Thessalia
272 2017 373 2089 facto
392 2015 545 2088 domum
560 2017 761 2090 redierant.
801 2018 889 2090 Illae
908 2019 1077 2090 triremes
1096 2031 1182 2090 om-

51 2157 123 2204 nes
151 2139 192 2203 et
218 2134 523 2228 quinqueremes,
550 2137 659 2229 aptae
688 2133 967 2227 instructaeque
987 2131 1176 2204 omnibus

52 2247 174 2316 rebus
198 2246 245 2318 ad
264 2245 531 2346 navigandumt
570 2247 724 2320 Praeter
749 2246 815 2318 has
841 2243 935 2318 duae
962 2251 1001 2318 et
1025 2246 1179 2345 viginti,

54 2387 155 2460 quae
175 2364 345 2462 praesidii
364 2377 494 2438 caussa
519 2361 766 2440 Alexandriae
784 2383 861 2435 esse
880 2369 1174 2452 consueverant,
1197 2399 1199 2406 ·
1277 2341 1285 2366 s

53 2487 272 2554 constratae
290 2505 440 2555 ornnes:
468 2482 604 2578 quassi
624 2482 928 2579 occupavissent,
948 2479 1065 2554 classe
1081 2480 1178 2553 Cae-

52 2598 130 2668 sari
148 2603 295 2695 erepta,
321 2602 473 2694 portum
493 2621 536 2668 ac
557 2621 658 2668 mare
683 2602 811 2670 totum
827 2596 865 2666 in
892 2619 958 2667 sua
985 2599 1173 2692 potestate
1261 2589 1265 2600 ’

54 2709 263 2802 baberent,
293 2717 507 2784 commeatu
534 2711 752 2809 auxiliisque
775 2711 971 2784 Caesarem
1000 2707 1176 2809 prohibe·

53 2835 153 2896 rent.
205 2827 336 2923 Itaque
368 2832 477 2899 tanta
503 2834 559 2898 est
586 2827 825 2898 contentione
852 2825 999 2910 actum,
1034 2811 1177 2920 quanta

54 2943 115 3038 agi
135 2939 285 3033 debuit,
300 2966 416 3038 quum
434 2940 494 3014 ille
507 2939 673 3016 ¹celerem
690 2943 728 3014 in
754 2967 798 3014 ea
826 2966 864 3014 re
887 2940 1113 3030 victoriam,
1137 2939 1176 3012 bi

52 3059 215 3130 salutem
234 3081 339 3132 suam
358 3059 561 3132 consistere
588 3057 769 3130 viderent.
809 3057 881 3130 Sed
899 3081 980 3129 rem
1007 3057 1176 3130 obtinuit

52 3175 210 3261 Caesam
238 3199 439 3272 omnesque
467 3199 528 3246 eas
546 3198 659 3246 naves
686 3181 724 3246 et
749 3169 928 3270 reliquas,
948 3195 1043 3270 quac
1067 3181 1174 3248 erant

50 3294 88 3362 in
110 3292 329 3383 navalibus,
343 3291 529 3384 incendit,
547 3291 647 3390 quod
673 3297 752 3366 tam
771 3289 846 3364 late
864 3291 962 3365 tueri
988 3297 1069 3364 tam
1088 3317 1173 3391 par-

85 3598 229 3664 occupatar.
252 3595 346 3666 scalig.
360 3596 432 3650 male
449 3609 560 3665 compat.
646 3615 705 3649 mur
724 3595 842 3649 Caesaris
859 3597 913 3650 luit
931 3596 1017 3668 aegia
1033 3615 1093 3670 cup.
1114 3615 1172 3656 rra.

83 3688 257 3742 praeteream
270 3695 325 3743 opp.
342 3687 452 3744 partem.
464 3676 507 3730 sic
519 3675 577 3730 cod.
645 3663 682 3717 M
682 3703 688 3714 ·
706 3661 768 3716 ΡΜ
784 3665 839 3716 ‘lu-‘³
858 3671 957 3734 mm·

51 3743 206 3794 Vossianus.
223 3743 331 3796 Ceterae
349 3743 483 3802 lectiones,
500 3743 577 3812 vulgo
677 3749 773 3814 quicqu
807 3749 871 3794 iata.
893 3741 971 3796 Conl.
996 3745 1112 3814 Appiau.
1137 3743 1170 3798 C.

53 3827 204 3880 expressae,
225 3829 280 3881 aron
297 3810 422 3862 videntur
439 3829 532 3870 verae,
550 3830 575 3864 v.
645 3829 678 3870 2,
700 3830 740 3877 7¹·
758 3811 791 3862 ha
813 3822 838 3861 et
855 3815 969 3890 lgtanra·
998 3811 1068 3864 llius
1095 3813 1169 3865 Mar-

52 3897 71 3926 r.
83 3891 220 3941 praeterea
233 3897 290 3946 opp.
300 3889 409 3946 partem.
426 3879 467 3929 M.
485 3877 575 3931 Davis.
642 3877 753 3931 claudus
776 3877 795 3929 l.
811 3895 833 3930 c.
851 3877 894 3930 luc
911 3895 1015 3948 quoquc
1032 3881 1168 3950 sexaginta

52 3947 159 3997 rabbat
173 3958 309 4013 praeterea
331 3950 357 3995 in
375 3946 460 4013 oppidi
474 3959 557 4011 parte.
643 3943 824 4016 reponendum
842 3948 998 4015 suspicatur.

81 4045 171 4108 primo
188 4042 281 4106 inpetu.
302 4037 410 4092 Bentlei.
429 4039 505 4090 malit
522 4042 572 4092 ita:
675 4055 751 4104 quum
767 4037 812 4090 tue
828 4065 860 4076 -
879 4037 908 4088 la·
924 4038 1041 4090 sumna
1062 4038 1165 4092 Mavult

53 4110 160 4156 traebat.
186 4105 277 4157 Primo
303 4112 387 4174 brpctrr
416 4135 447 4146 -
469 4119 574 4158 <erratus
641 4103 772 4164 lucinius,
802 4123 879 4172 quum
902 4105 942 4156 tlte·
954 4143 962 4166 ‚
991 4105 1165 4160 Alexandrini

52 4188 87 4224 err
119 4173 160 4225 vel
186 4179 320 4244 primoque
348 4173 450 4226 domum
477 4174 575 4226 omisso
642 4197 674 4210 ·-
692 4171 738 4229 bi.
757 4171 868 4224 Romani
885 4200 925 4223 ·-·

39 4255 143 4330 *caparra
178 4297 182 4304 ,
677 4283 752 4331 naves
764 4267 879 4317 incendit.
896 4265 951 4317 Hoc
966 4263 1090 4318 incendio
1101 4281 1165 4316 cou-

84 4349 190 4385 coruscos
202 4369 212 4402 ‚
234 4334 284 4386 arsi
305 4341 412 4386 conatos
436 4345 498 4386 erat.
522 4333 576 4386 Due
643 4333 764 4403 flagrasse
776 4331 968 4387 nobilissimam
977 4331 1165 4388 bibliothecen
