3026 5264
288 452 367 514 ura.
396 453 492 520 rm,
526 454 618 514 cle.
657 423 829 540 30-34.
1043 423 1136 550 339

34 657 107 741 tur,
124 651 350 725 auctoritate
377 651 561 727 adductae
593 654 821 742 Carnutum,
853 651 1017 724 adventu
1034 652 1146 724 Fabii

32 767 284 866 legionumque
302 769 484 866 imperata
501 772 578 842 sine
596 795 702 842 mora
723 769 874 842 faciunt.
902 771 1139 858 Dumnacus,

32 887 98 956 suis
123 885 257 956 finibus
284 873 477 983 expulsus,
504 909 630 958 errans
650 885 875 981 latitansque
894 885 993 959 solus
1012 893 1138 958 extre·

31 1023 104 1070 mas
131 997 272 1069 Galliae
298 999 468 1096 regiones
495 1005 620 1097 petere
648 1005 704 1071 est
730 1005 897 1071 coactus.
1234 1091 1237 1100 A

76 1117 134 1188 32.
162 1115 213 1188 At
240 1116 406 1230 Drappes
435 1139 582 1212 unaque
601 1117 819 1205 Lucterius,
839 1139 953 1213 quum
979 1112 1146 1218 legiones

30 1228 292 1325 Caniniumque
320 1230 445 1302 adesse
473 1236 760 1330 cognoscerent,
788 1254 863 1306 nec,
884 1254 920 1300 se
940 1229 1016 1300 sine
1036 1234 1140 1300 certa

28 1347 206 1444 pernicie,
234 1351 475 1442 persequente
503 1348 691 1434 exercitu,
718 1352 894 1444 putarent
920 1345 1141 1418 Provinciae

27 1461 113 1534 fines
140 1465 279 1534 intrare
308 1484 437 1559 posse;
469 1485 535 1534 nec
563 1463 636 1532 inm
665 1461 820 1534 liberam
850 1463 1005 1562 vagandi
1025 1462 1143 1534 latro-

28 1580 281 1674 ciniorumque
309 1577 564 1649 faciendorum
593 1577 812 1652 facultatem
833 1581 1034 1668 baberent,
1053 1605 1151 1652 con--

28 1693 160 1766 sistunt
186 1693 224 1762 in
251 1693 347 1789 agris
373 1690 641 1766 Cadurcorum.
685 1695 760 1777 Ibi,
790 1719 906 1792 quum
932 1694 1128 1766 Lucterius

27 1807 120 1903 apud
149 1828 236 1876 suos
263 1807 386 1892 cives,
413 1804 601 1900 quondam
628 1808 779 1906 integris
805 1810 940 1896 rebus,
974 1807 1138 1878 multum

26 1921 232 2017 potuisset,
270 1941 487 2015 semperque
527 1928 662 1992 auctor
688 1947 873 1994 novorum
902 1919 1143 1992 consiliorum

25 2051 202 2134 magnam
230 2034 328 2132 apud
355 2035 532 2106 barbaros
560 2041 823 2110 auctoritatem
844 2039 1016 2124 liaberet,
1035 2037 1150 2133 oppi-¹

27 2153 114 2224 dnm
143 2149 452 2240 Uxellodunum,
478 2152 576 2248 quod
605 2155 642 2224 in
669 2145 859 2225 clientela·
881 2153 1002 2224 luerat
1038 2154 1140 2233 eius,
1221 2167 1223 2170 ·

24 2274 159 2340 natura
186 2265 258 2338 loci
287 2268 430 2365 egregie
458 2269 667 2356 munitum,
695 2274 855 2364 occupat
874 2268 1004 2337 suiset
1023 2265 1142 2360 Drap-

24 2383 118 2480 petis
144 2381 262 2476 copiis
288 2381 564 2476 oppidanosque
593 2383 659 2452 sibi
689 2381 892 2478 coniungit.

74 2495 135 2568 33.
173 2495 259 2584 Quo
300 2515 416 2589 quum
458 2495 653 2568 confestim
695 2495 737 2568 C.
764 2496 938 2568 Caninius
979 2491 1142 2563 venisset

24 2611 439 2706 animadverteretque,
466 2634 593 2684 omnes
621 2611 744 2710 oppidi
773 2617 892 2710 partes
922 2609 1146 2708 praeruptis-

25 2727 125 2798 simis
155 2727 255 2798 saxis
282 2749 359 2796 esse
387 2727 569 2809 munitas,
590 2751 687 2823 qno,
705 2726 924 2800 defendente
945 2725 1067 2812 nullo,
1086 2729 1146 2796 ta-

23 2867 110 2916 men
141 2844 300 2916 armatis
319 2841 541 2914 adscendere
561 2851 656 2914 esset
676 2839 844 2928 difficile;
864 2867 999 2944 magna
1018 2847 1147 2914 autem

23 2958 283 3056 inpedimenta
310 2955 581 3055 oppidanorum
607 2956 776 3045 videret,
817 2981 911 3053 quae
938 2959 967 3027 si
995 2953 1148 3026 clande-

23 3080 120 3147 stina
149 3077 240 3173 luga
258 3073 476 3144 subtrahere
499 3081 744 3157 conarentur,
764 3071 925 3170 effugere
945 3097 1019 3143 non
1034 3071 1147 3142 modo

23 3195 263 3295 equitatum,
291 3189 353 3260 sed
381 3211 426 3260 ne
452 3187 614 3288 legiones
641 3189 791 3285 quidem
819 3166 989 3286 possent,
1016 3189 1148 3284 tripar-

22 3311 95 3380 tito
125 3307 350 3380 cohortibus
368 3303 516 3392 divisis,
536 3305 634 3376 trina
649 3303 898 3376 excelsissimo
919 3303 1002 3375 loco
1022 3307 1148 3374 castra

19 3423 137 3512 lecit,
167 3447 191 3494 a
219 3419 352 3516 quibus
380 3417 593 3516 paullatim,
612 3424 792 3514 quantum
812 3419 939 3514 copiae
959 3417 1150 3513 patieban-

21 3543 107 3627 tur,
138 3535 284 3610 vallum
311 3538 349 3607 in
376 3534 499 3632 oppidi
528 3535 728 3606 circuitum
756 3533 890 3604 ducere
916 3533 1092 3603 instituit.

73 3662 142 3745 34.
174 3655 286 3747 Quod
313 3677 430 3749 quum
470 3653 638 3724 animum
673 3650 911 3722 adverterent
946 3645 1150 3745 oppidani,

21 3773 315 3868 miserrimaque
342 3767 486 3842 Alesiae
514 3767 691 3837 memoria
720 3763 866 3836 solliciti
893 3759 1050 3834 similem
1082 3785 1157 3830 ea-.

22 3913 104 3960 sum
137 3889 362 3960 obsessionis
390 3889 628 3968 vererentur3
656 3882 890 3976 maximeque
910 3901 956 3950 ex
976 3877 1149 3948 omnibus

19 4007 251 4094 Lucterius,
278 4007 341 4104 qni
361 4003 532 4076 furtunae
551 4000 649 4080 illius
667 3997 874 4104 periculum
894 3997 1054 4088 fecerat,
1072 4017 1151 4070 rnu-

52 4290 171 4340 reseram
192 4303 249 4354 vag.
267 4283 323 4336 Alii
341 4283 426 4336 litere.
439 4290 496 4335 tum
511 4301 560 4354 pro
628 4299 680 4332 non
697 4298 736 4348 eq.
752 4289 783 4331 nt
801 4297 830 4341 2,
850 4295 888 4342 ιγ.
907 4279 936 4346 3,
955 4288 978 4342 4.

19 4353 151 4406 luberent
173 4350 222 4404 alii
241 4351 341 4402 babae.
663 4352 690 4398 in
705 4352 833 4398 cir-cineum
847 4347 902 4397 dno.
921 4352 978 4397 ine<
999 4345 1052 4398 Alli
1066 4348 1092 4396 in
1103 4349 1154 4396 eia-

51 4431 78 4472 in
97 4425 181 4492 agros
202 4419 266 4470 Cart.
285 4419 339 4469 Alii
356 4423 382 4469 in
391 4416 498 4487 'finibus
628 4418 707 4474 airu,
721 4413 774 4466 seil·
788 4415 881 4464 omissa
901 4413 1008 4473 lineola,
1022 4423 1050 4465 nt
1064 4412 1154 4468 inille

49 4509 107 4545 oon
126 4485 214 4540 modo
232 4492 379 4554 equitarem.
400 4483 563 4538 subsortitus
629 4487 656 4534 in
673 4494 801 4551 conspectu
821 4501 867 4552 pro
885 4485 912 4532 in
926 4491 1088 4535 correveotnm·
