3028 5258
344 365 424 426 urs.
459 305 643 426 irruere.
681 331 856 460 64-67.
982 372 986 380 ’
1092 337 1181 464 537

75 573 124 639 ut
147 555 261 639 libere
279 565 446 667 pabulari
463 574 612 669 posset,
635 567 844 642 nec‘mlnus
862 567 1004 646 aditum
1023 569 1186 650 navibus

75 681 256 773 haberet,
284 689 519 758 commutata
536 687 681 760 ratione
700 683 809 775 belli,
827 688 1003 783 quoniam
1022 692 1188 788 proposi-³

76 804 160 869 tum
189 819 263 870 non
290 801 485 890 tenuerat,
509 799 615 872 iuxta
632 798 853 900 Pompeium
870 794 1152 876 munire'iussit.

127 911 189 986 66.
215 916 299 1008 Qua
326 915 491 1015 perlecta
518 909 756 1010 munitione,
795 919 1101 997 animadversum
1131 924 1189 994 est

75 1031 126 1106 ab
147 1097 151 1105 ,
173 1017 472 1132 speculatoribus
520 1031 716 1124 Caesaris,
761 1033 936 1108 cohortes
976 1037 1154 1134 quasdam
1174 1063 1189 1126 ,·

75 1144 178 1243 quod
204 1146 323 1219 instar
341 1145 502 1246 'legionis
529 1147 744 1237 videretur,
769 1173 847 1222 esse
863 1149 866 1157 “
873 1154 959 1248 post
984 1149 1121 1222 silvam
1147 1155 1186 1222 et

75 1265 114 1336 in
152 1251 280 1336 vetera
319 1269 441 1338 castra
479 1263 580 1338 duci.
630 1263 850 1338 Castrorum
884 1265 1065 1340 hictsitus
1090 1272 1185 1340 erat.

74 1367 335 1475 Superioribus
362 1377 514 1468 diebus,
546 1397 643 1487 nona
669 1379 835 1453 Caesaris
862 1378 964 1479 legio
987 1381 1113 1478 'quum
1148 1403 1189 1453 se

75 1495 273 1570 obiecisset
311 1496 545 1595 Pompeianis
584 1495 698 1595 copiis
725 1503 838 1596 atque
864 1518 1002 1596 opera,
1038 1505 1082 1572 ut
1121 1495 1190 1570 de·v
1302 1515 1304 1524 ‘

75 1609 398 1698 monstrauimus,
422 1609 750 1700 circummuniret,
782 1615 905 1684 castra
931 1635 976 1683 eo
1001 1609 1086 1684 loco
1111 1623 1188 1709 po-

74 1725 164 1799 suit.
213 1727 317 1800 Haec
351 1725 484 1799 silvam
512 1726 712 1823 quamdam
739 1727 1034 1826 contingebant,
1066 1750 1188 1824 neque
1262 1777 1264 1782 -

73 1835 222 1936 longius
240 1864 263 1912 a
280 1842 373 1912 mari
393 1839 559 1940 passibus
577 1840 859 1942 quadringentis
886 1841 1052 1914 aberant.
1072 1841 1192 1928 ¹Post,

74 1957 226 2024 rnutato
245 1952 399 2024 consilio
418 1953 641 2049 quibusdam
659 1953 704 2026 de
722 1956 882 2044 caussis,
907 1953 1047 2028 Caesar
1065 1951 1190 2052 paullo

76 2063 180 2137 ultra
204 2089 293 2137 eurn
331 2064 459 2138 locum
485 2073 608 2138 castra
639 2067 857 2140 transtulit:
892 2067 1092 2164 paucisque
1130 2067 1191 2137 in·

74 2181 256 2254 termissis
283 2179 410 2254 diebus
435 2181 566 2254 eadem
593 2181 684 2253 haec
707 2183 905 2280 Pompeius
931 2187 1191 2278 occupauerat

78 2302 145 2383 et,
186 2293 287 2392 quod
326 2317 372 2368 eo
405 2293 490 2368 loco
517 2294 640 2394 plures
666 2303 747 2368 erat
772 2295 936 2395 legiones
962 2295 1192 2382 habiturus,

76 2410 211 2486 relicto
232 2411 412 2484 interiore
440 2409 565 2499 salto,
590 2410 772 2483 maiorem
798 2406 985 2484 adiecerat
1007 2411 1189 2483 munitio-

76 2549 179 2598 nem.
229 2527 287 2599 lta
325 2527 471 2600 minora
496 2532 645 2615 castra,
683 2524 827 2598 inclusa
858 2523 1094 2612 maioribus,
1123 2548 1190 2596 ca·-

78 2638 176 2712 stelli
203 2647 316 2738 atque
344 2642 438 2714 ardis
463 2639 590 2714 locum
616 2640 847 2714 obtinebant.
874 2638 968 2712 ltein
987 2637 1033 2710 ab
1052 2635 1190 2737 angulo

78 2763 291 2832 castrorum
318 2758 465 2830 sinistro
493 2756 813 2830 munitionemad
840 2749 978 2829 flumen
1007 2755 1192 2855 perduxe-
1237 2743 1242 2764 ’

76 2877 166 2955 rat,
194 2871 344 2945 circiter
370 2883 497 2970 passus
524 2869 814 2972 quadringentos
829 2925 841 2961 ,
866 2893 941 2968 quo
967 2867 1118 2944 liberius
1144 2893 1190 2942 ac
1318 2859 1323 2866 ’

79 2989 159 3061 sine
183 2986 350 3086 periculo
389 2987 526 3060 milites
561 2993 816 3086 aequarentur:
857 2987 923 3062 sed
954 2989 984 3061 is
1019 3009 1194 3085 quoque,

78 3107 231 3175 mutato
257 3100 411 3174 consilio
436 3103 658 3199 quibusdam
683 3103 729 3176 de
755 3103 918 3190 caussis,
957 3125 1051 3200 quas
1090 3123 1194 3206 com·

79 3217 282 3288 memorari
309 3239 455 3288 necesse
483 3239 556 3289 non
583 3223 668 3307 est,
694 3238 738 3291 eo
764 3217 848 3290 loco
874 3210 1095 3287 excesserat.
1138 3213 1195 3287 lta

80 3331 292 3430 cumplures
318 3332 394 3406 dies
420 3339 634 3406 manserant
650 3340 809 3408 castra:
842 3333 1070 3408 munitiones
1110 3329 1196 3428 qui·
1283 3411 1294 3430 ,

82 3443 171 3517 dem
195 3445 362 3546 integrae
388 3471 517 3520 omnes
544 3455 663 3521 erant.

133 3557 195 3650 67.
219 3560 276 3632 Eo
301 3559 406 3662 signo
429 3561 581 3662 legionis
600 3562 737 3652 inlato,
762 3557 1014 3662 speculatores
1040 3557 1191 3632 Caesari

80 3795 150 3876 bnlm
178 3801 260 3866 patet.
287 3793 405 3846 luriuius
430 3792 536 3912 supplet
560 3811 607 3860 po·
676 3793 764 3874 Opera
781 3811 795 3846 e
812 3793 888 3848 codd.
913 3793 1043 3846 Oudeudo
1075 3795 1116 3846 ins
1132 3811 1198 3846 rece·

81 3879 185 3924 sumre,
205 3861 294 3915 fortun
311 3859 429 3931 elapsum
446 3880 463 3913 o
498 3877 607 3932 scqtrem
676 3871 737 3932 pet,
766 3879 828 3915 cum
854 3869 930 3912 sulca
958 3877 1033 3930 opere
1068 3869 1197 3920 seretur,

78 3939 177 3998 posset.
675 3935 703 3980 ct
726 3937 863 4008 propterea
886 3927 957 3981 locus
976 3927 1059 4000 quibu
1092 3945 1135 3978 am
1158 3928 1198 3976 in-

675 3994 836 4066 terpretibus
854 3993 962 4047 mutilus
978 3996 1049 4047 visu!
1066 4001 1141 4072 essen
1160 3991 1199 4042 M.

675 4060 1199 4208 &tractasse-,nt
1234 4175 1246 4186 .

116 4029 280 4084 cohorter-
291 4031 437 4094 videretur,
456 4033 474 4084 i.
492 4051 515 4086 s.
533 4051 608 4103 quas·

81 4100 147 4154 dnm
157 4097 293 4158 cohortes.
313 4109 341 4152 st
357 4101 464 4170 quidem
481 4099 510 4152 id
521 4099 609 4152 cohor-

81 4165 282 4288 &mugram
299 4169 610 4288 ‘nffiilpimttautunr
710 4196 752 4246 Eo
775 4201 824 4261 (ru
850 4203 938 4274 vetere
963 4203 1065 4274 castra:
1093 4213 1119 4272 c.¹
1144 4195 1200 4254 66)

157 4249 336 4372 aaa.
420 4253 435 4288 '
522 4251 552 4286 '¹'
568 4249 597 4284 ²²¹
676 4267 749 4381 iu
765 4262 879 4380 *ae
903 4259 1201 4382 alanna:

119 4409 149 4450 ut
169 4396 405 4450 dunwmuavimus.
424 4413 481 4468 cap.
505 4399 546 4462 45.
569 4373 633 4461 atrX
676 4347 792 4450 stridig
803 4347 935 4485 Gathar&
951 4367 998 4448 ubi
1016 4395 1070 4448 sid.
1087 4393 1157 4447 Θυά.

191 4491 347 4570 Caussa.
374 4494 567 4569 Commeat.
593 4495 701 4568 Tom.
727 4495 755 4566 l.
782 4601 785 4608 Ι
931 4494 966 4565 Y
982 4515 1079 4587 yy.
