3040 5264
320 146 325 204 l

333 329 395 424 62
698 323 754 424 bu
790 354 923 424 seruo
957 362 1079 423 usur„

328 567 555 669 reperiebat;
581 563 774 668 plerosque
793 565 923 670 belgas
940 590 1017 641 esse
1036 571 1144 654 ortos,
1157 565 1204 640 ab
1218 565 1418 640 Germanis
1434 595 1445 654 ς

328 685 577 780 Rhenumque
604 685 811 781 antiquitus
828 683 1093 772 transductus,
1110 688 1263 781 propter
1282 677 1357 754 loci
1372 679 1443 752 ler-

328 803 503 876 tilitatem
530 802 579 874 ibi
600 800 807 874 consedisse
831 799 1057 898 Gallosque,
1078 799 1141 896 qui
1168 822 1213 870 ea
1239 795 1441 870 locasinoo

326 919 470 1008 terent,
486 916 688 1016 expulisse;
706 915 877 1012 solosque
891 940 994 1006 esse,
1020 915 1082 1011 qui
1096 969 1107 1003 ,
1122 919 1271 1013 patrum
1291 919 1443 986 nostro·

325 1059 412 1110 rum
441 1017 649 1122 memoria,
676 1032 778 1104 omni
807 1027 928 1103 Gallia
946 1035 1105 1118 vexata,
1121 1030 1315 1102 Teutonos
1341 1028 1442 1104 Cim·

326 1145 487 1246 brosque
513 1148 612 1220 iutra
650 1145 741 1220 lines
768 1168 855 1220 suos
886 1143 1027 1244 ingredi
1060 1143 1329 1240 prohibuerint.
1356 1143 1444 1234 Qua

326 1287 373 1338 ex
406 1287 446 1336 re
474 1261 575 1349 fieri,
594 1261 651 1336 uti
670 1281 801 1334 earum
824 1283 948 1332 rerum
967 1257 1148 1331 memoria
1173 1277 1350 1354 magnam
1370 1256 1442 1328 sibi

326 1377 596 1454 auctoritatem
616 1398 843 1475 magnosque
870 1375 1019 1473 spiritus
1036 1375 1072 1446 in
1091 1398 1130 1448 re
1150 1373 1301 1448 militari
1320 1397 1443 1448 sume·

328 1499 427 1568 rent.
452 1493 507 1566 De
526 1515 682 1562 numero
709 1513 839 1564 eorum
866 1475 991 1562 omnia
1013 1513 1050 1562 se
1074 1487 1211 1562 babere
1234 1486 1444 1586 explorata,

319 1605 437 1680 ¹Ilemi
463 1601 660 1714 dicelqant,
677 1609 874 1702 propterea
896 1603 996 1701 quod
1020 1601 1362 1703 propinquitatibus
1377 1603 1441 1676 ad·

325 1715 604 1814 finitatibusque
631 1719 847 1806 coniuncti,
875 1725 1055 1815 quantam
1086 1718 1242 1815 quisque
1264 1713 1440 1790 multitu-

326 1830 451 1904 dinem
474 1831 511 1904 in
539 1833 729 1904 communi
756 1831 954 1932 Belgarum
972 1830 1131 1906 concilio
1159 1828 1208 1902 ad
1238 1827 1276 1902 id
1295 1827 1440 1902 bellum

324 1945 513 2046 pollicitus
538 1949 616 2038 sit,
642 1949 900 2050 cognoverint.
926 1948 1135 2022 Plurimum
1161 1947 1261 2019 inter
1277 1945 1443 2019 eosBel·

324 2063 478 2139 lovacos
496 2071 535 2140 et
557 2067 695 2140 virtute
715 2071 754 2138 et
770 2065 994 2138 auctoritate
1012 2070 1051 2136 et
1068 2064 1264 2136 hominum
1282 2085 1442 2136 numero

301 2181 472 2258 *valeres
491 2181 559 2256 hos
576 2205 680 2282 posse
700 2178 882 2254 conficere
901 2184 1045 2252 armata
1064 2179 1166 2252 milia
1180 2184 1347 2252 centurn:
1369 2178 1442 2277 pol·

323 2297 448 2373 licitos
462 2324 509 2372 ex
536 2323 580 2372 eo
596 2319 750 2372 numero
769 2294 888 2368 electa
902 2295 1003 2367 milia
1020 2295 1111 2384 Lx,
1139 2295 1328 2392 totiusque
1351 2296 1441 2370 belli

322 2417 521 2516 imperium
548 2417 616 2488 sibi
644 2410 839 2511 postulare.
880 2412 1096 2485 Suessiones
1120 2435 1207 2484 suos
1227 2437 1304 2486 esse
1332 2411 1443 2488 finiti·

324 2555 418 2614 mos,
436 2530 633 2604 latissimos
647 2527 965 2622 feracissimosque
978 2549 1087 2626 agros
1101 2526 1298 2624 possidere.
1325 2527 1442 2626 Apud

324 2669 387 2718 eos
414 2646 523 2718 fuisse
550 2645 691 2744 Regem
710 2647 837 2713 nostra
854 2641 965 2714 etiam
984 2645 1164 2716 memoria
1182 2645 1443 2736 Divitiacum,

324 2761 443 2832 totius
458 2756 600 2830 Galliae
619 2755 932 2855 potentissimum,
957 2756 1019 2852 qui
1034 2779 1151 2852 quum
1171 2781 1330 2860 magnae
1349 2785 1441 2858 par-

324 2872 374 2944 tis
400 2871 534 2944 harum
553 2871 761 2970 regionum,
780 2875 862 2941 turn
878 2871 991 2942 etiam
1010 2867 1223 2944 Britanniae
1237 2875 1441 2970 imperium

325 2985 527 3056 obtinuerit
547 3011 556 3052 ι
584 3007 683 3056 nunc
698 3007 775 3056 esse
789 2984 930 3084 Regem
951 2984 1135 3058 Galbam:
1163 2985 1208 3058 ad
1228 2985 1341 3076 hunc,
1360 3011 1441 3086 pro

323 3103 408 3196 pter
433 3097 614 3172 iustitiam
642 3097 983 3198 prudentiamque,
1005 3123 1192 3174 summam
1218 3099 1338 3175 totius
1350 3089 1441 3174 belli

324 3209 493 3284 omnium
522 3209 715 3286 voluntate
755 3211 917 3285 deferri:
950 3213 1085 3312 oppida
1115 3213 1251 3286 habere
1278 3237 1440 3286 numero

323 3329 420 3416 Xll,
454 3327 619 3426 polliceri
647 3328 749 3402 milia
776 3335 920 3402 armata
947 3331 1245 3430 quinquaginta:
1273 3330 1438 3405 totidem

323 3441 510 3527 Nervios,
539 3443 602 3540 qui
630 3445 791 3516 maxime
809 3443 877 3516 feri
900 3445 996 3518 inter
1010 3445 1333 3545 ipsos'babeantur
1355 3445 1439 3519 lon·

358 3729 494 3782 Tmronns.
512 3727 547 3782 al.
566 3727 700 3780 Teutones.
718 3727 843 3798 perinde,
943 3727 1089 3782 latissimos.
1100 3729 1141 3800 al.
1150 3729 1224 3804 fines
1241 3731 1390 3784 latissimos.

322 3804 354 3848 ut
371 3797 499 3848 Santones
516 3805 543 3848 et
560 3797 680 3848 Santoni.

355 3863 434 3914 Renri.
451 3863 485 3916 al.
502 3863 599 3916 noema
619 3863 658 3914 nil
670 3865 787 3916 interest.
799 3861 843 3916 sic
944 3863 1061 3916 Galbam.
1069 3863 1147 3916 Error
1153 3863 1297 3934 scripturas
1308 3865 1434 3932 ridetur,

325 3937 353 3990 et
369 3929 501 3982 eredonss
518 3929 560 3982 rel
576 3931 698 3982 Baiones.
716 3928 843 3982 Cellsrius
909 3929 984 4000 quod
999 3931 1051 3982 Dio
1068 3931 1174 3984 Cassius
1192 3931 1246 3998 39,
1268 3949 1288 3982 r.
1304 3931 1377 3986 huuc
1394 3951 1434 3986 re·

321 3997 351 4049 in
378 3997 499 4066 Orthogr.
538 4035 544 4048 .
564 4001 603 4050 50.
628 3999 713 4050 reiicit
729 3997 843 4067 adspira·
909 4015 967 4067 gum
983 3995 1128 4069 adpelluvit
1150 3991 1243 4069 'Aipeia
1261 3999 1298 4050 Μ.

320 4063 440 4124 tionem,
457 4073 492 4143 qu
543 4082 595 4116 ror
612 4065 648 4116 sit
664 4063 784 4132 Celties3
802 4081 843 4116 vs·

321 4149 379 4194 rum
398 4129 522 4182 scribitur
538 4140 565 4182 et
580 4131 669 4182 rhoda.
942 4129 1136 4201 longissimeque
1146 4131 1237 4182 dsunt.
1254 4133 1346 4186 solere
1363 4149 1434 4186 sum·

354 4197 433 4248 eleum
451 4199 506 4250 LX.
524 4206 550 4252 τὸ
565 4199 637 4248 nsilia
650 4197 843 4249 eddnocentio·
909 4205 965 4250 trrm
987 4217 1003 4250 a
1032 4215 1092 4252 vero
1120 4196 1203 4252 abest.
1231 4197 1293 4252 bine
1322 4199 1432 4252 Vossius

320 4281 361 4324 res
378 4263 552 4328 addiderunt,
570 4267 620 4316 etsi
636 4261 842 4316 multinodas!
908 4263 969 4318 vult
995 4263 1063 4336 lorrg.
1090 4267 1121 4317 ab
1145 4271 1214 4318 orruri
1230 4267 1296 4318 asu
1323 4267 1434 4332 absint,
1455 4293 1471 4310 κ

320 4327 502 4396 probabant,
521 4329 843 4402 uudeOudeudorp.rur-
907 4339 969 4382 utr
1017 4353 1037 4384 ι.
1062 4331 1130 4397 ssd,
1154 4331 1262 4386 lonsru'rn
1286 4333 1366 4387 niodo
1390 4335 1431 4386 in-

321 4415 366 4456 sus
382 4397 501 4465 sustulit·
522 4397 561 4456 M·
908 4363 1048 4456 tenellum
1064 4401 1149 4455 usuri
1158 4438 1168 4464 ,
1192 4371 1313 4458 baebius
1330 4409 1432 4456 mouet.
