3068 5260
493 363 575 426 tac.
609 365 820 427 OBERLINI.
1135 369 1216 430 xm

159 559 329 651 Pendet
361 557 418 650 ab
449 559 535 652 ista
566 561 831 684 quaestione
859 560 993 653 altera
1020 557 1077 654 de
1104 595 1214 690 epo·

98 695 201 788 cbis
230 729 377 791 rerum
409 700 645 786 aCaesarc
672 717 965 804 narratarum,
994 731 1107 823 quas
1128 708 1215 792 Lo-

98 836 219 921 Looz
244 827 427 953 putabat
446 829 586 920 fuisse
606 863 632 918 a
650 833 842 920 Caesare
862 831 919 922 ad
943 832 1084 924 fastos
1111 867 1147 924 a·
1163 865 1215 925 se

100 963 364 1054 emendatos
390 962 768 1054 adcommodatas.
802 969 946 1086 Negat
970 965 1061 1056 boc
1081 973 1215 1058 Gun-

99 1131 292 1187 casnuus
318 1095 346 1184 l.
369 1126 408 1188 c.
429 1127 472 1219 p.
502 1095 617 1205 540,
645 1117 690 1185 et
718 1127 774 1185 ex
801 1095 979 1200 duabus
1005 1097 1215 1220 epochitt,

99 1265 289 1354 quaumn
320 1230 592 1320 mentionem
619 1233 790 1324 Caussa
816 1229 1086 1340 clarefecit,
1114 1231 1210 1326 scil.

101 1396 141 1454 a.
165 1363 208 1454 d.
229 1349 321 1455 VIII
348 1363 409 1454 Id.
435 1369 522 1452 lan.
551 1367 712 1452 DCCV
738 1357 783 1453 et
808 1353 931 1488 prid.¹
949 1369 1104 1456 Nonas
1123 1361 1211 1458 lan.

100 1496 207 1588 anni
246 1497 507 1619 sequentis,
553 1495 882 1588 dilucidarem
922 1497 1212 1590 demonstrat.

100 1629 281 1720 Scilicet
316 1668 330 1722 ι
359 1629 533 1752 epocha
561 1635 639 1720 SC.
660 1627 894 1753 perscripti
914 1630 1100 1742 VIIIId.
1123 1639 1210 1721 Ian.

99 1769 281 1871 DCCV,
309 1795 443 1886 quam
464 1769 628 1854 Caesar
659 1763 792 1852 refert
820 1768 869 1850 C.
905 1801 949 1870 1,
973 1763 1028 1871 5,
1056 1764 1214 1855 eadem

99 1899 338 1991 exhibetur
365 1931 388 1990 a
416 1899 635 1990 Cicerone
659 1901 739 2020 Ep.
767 1894 842 2001 16,
871 1932 936 1986 11.
966 1901 1109 1990 Nemo
1133 1929 1216 1988 au

103 2057 193 2124 tem
225 2034 413 2141 dixerit,
447 2029 682 2156 epistolam
714 2029 831 2122 hanc
862 2053 967 2164 post
1000 2033 1142 2124 fastos
1169 2065 1218 2122 e

99 2160 337 2260 mandatos
357 2167 580 2290 scriptam.
608 2193 636 2255 a
664 2169 830 2254 Caesar
849 2157 1086 2256 indicatC.
1101 2163 1153 2274 3,
1169 2165 1218 2272 6,

100 2303 247 2411 diem,
268 2333 358 2432 qua
377 2331 515 2392 naves
535 2297 670 2392 solvit
683 2295 943 2405 Brundisi0‚
964 2299 1078 2453 prid.
1099 2305 1215 2392 Non.

98 2446 192 2528 Ian.
214 2441 413 2542 DCCVI,
440 2455 486 2524 et
506 2453 690 2556 postero
709 2430 783 2521 die
801 2432 1004 2554 pervenit
1025 2431 1069 2520 in
1089 2437 1220 2529 Graa-

100 2569 247 2676 ciam,
280 2589 373 2658 tum
403 2567 523 2656 misit
555 2563 800 2656 Vibullium
832 2562 889 2653 ad
923 2547 1217 2686 Pompeium,
1298 2585 1303 2596 '

99 2707 181 2828 qui
228 2737 267 2798 c.
295 2741 358 2794 ιι.
399 2734 505 2792 mox
545 2701 628 2792 iter
670 2731 726 2788 ex
768 2697 1076 2788 Macedonia
1066 2707 1113 2790 ιιι
1150 2699 1220 2790 lri-

99 2839 242 2928 berna
272 2834 465 2925 habebat
483 2829 762 2960 Apolloniam
781 2829 1214 2956 Dyrrhachiumque.

99 2967 191 3060 Sed
231 2967 353 3061 nulla
399 2967 513 3058 ratio
554 2965 696 3057 fuerat
732 2961 946 3088 Pompeio
987 2983 1075 3056 tam
1116 2993 1220 3052 sero

98 3104 151 3193 in
182 3101 366 3192 hiberna
407 3131 458 3190 se
496 3097 766 3224 recipiendi,
807 3096 959 3222 potius
1002 3095 1075 3186 ille
1123 3095 1221 3185 dies

99 3233 177 3324 die
209 3239 246 3322 V
276 3231 543 3324 Novembris
576 3232 679 3324 anni
712 3229 956 3354 superioris
985 3229 1218 3322 coincidit.

98 3369 131 3462 5
157 3375 247 3458 Iam
268 3367 399 3458 tertio
420 3397 575 3457 mense
602 3387 734 3491 post,
767 3395 901 3487 quarn
921 3364 968 3454 in
987 3365 1220 3456 Graeciam

100 3499 403 3590 transfretavit
429 3505 616 3608 Caesar,
640 3499 901 3622 Pompeium
933 3526 1073 3619 prope
1102 3502 1221 3621 Dyr·

98 3629 337 3722 rbachium
366 3633 545 3754 cingere
573 3631 771 3738 studuit,
800 3649 845 3718 et
878 3647 1073 3750 quatuor
1099 3657 1223 3716 men-

99 3793 180 3856 ses
199 3765 289 3856 hcc
310 3785 430 3856 statu
455 3787 647 3888 uterque
669 3761 936 3888 permansit,
958 3779 1051 3848 tum
1080 3758 1223 3849 tribus

99 3855 465 3988 hebdomadibus
491 3919 596 4022 post
616 3891 868 3988 Pharsalica
888 3921 1039 4017 pugna
1059 3890 1224 3981 accidit

102 4054 309 4158 tempore
340 4034 516 4124 messis.
545 4033 588 4122 Si
621 4051 771 4122 autem
804 4061 830 4117 a
861 4033 898 4116 V
929 4033 1043 4118 Nov.
1083 4023 1224 4115 adnu-

103 4197 252 4258 meres
285 4197 465 4258 menses
495 4173 575 4256 Vll
596 4197 699 4257 cum
732 4160 941 4268 dimidio,
974 4157 1190 4252 incides
1180 4193 1226 4250 m

104 4300 242 4400 finem
272 4303 412 4412 lunii,
444 4332 539 4430 quo
565 4299 727 4394 messis
755 4296 849 4393 lieri
877 4295 1032 4392 solet
1021 4329 1067 4389 ru
1086 4294 1226 4390 Thes·
