3040 5264
452 222 466 278 a

365 367 446 429 nm.
481 365 535 430 iv.
570 369 663 430 car.
707 337 877 458 14-16.
1087 331 1175 462 123

50 529 153 674 ἦιξα
187 559 405 669 desperata,
431 591 568 672 magno
602 587 759 645 numero
793 569 1019 662 interfecto,
1044 570 1179 674 reliqui

51 715 95 765 se
117 685 317 762 indumen
342 689 687 786 praecipitaverunt
712 694 826 787 atque
851 690 903 762 ibi
928 692 1085 778 timore,
1103 691 1179 768 las-

51 799 246 892 situdine,
273 803 312 875 vi
331 799 500 876 fluminis
524 805 687 902 oppressi
716 807 917 902 perierunt.
975 805 1106 880 Nostri
1131 805 1180 882 ad

51 941 182 992 unum
217 939 345 992 omnes
380 917 610 1008 incolumes,
643 917 838 1017 perpaucis
870 915 1097 1010 vulneratis,
1131 939 1191 995 ex·

52 1031 162 1105 tanti
187 1027 273 1106 belli
300 1034 454 1122 timore,
472 1047 589 1130 quum
612 1033 778 1105 hostium
806 1047 983 1105 numerus
1010 1035 1179 1134 capitum

52 1147 238 1224 CDXXX
271 1147 419 1224 mitium
452 1145 606 1239 fuisset,
640 1173 679 1223 se
713 1151 753 1222 in
786 1155 910 1223 castra
944 1155 1179 1250 receperunt.

53 1265 200 1339 Caesar
232 1260 318 1356 his,
341 1285 435 1362 quos
467 1265 506 1338 in
540 1265 672 1338 castris
706 1265 939 1353 retinuerat,
967 1263 1179 1340 discedendi

53 1382 290 1480 potestatem
309 1375 417 1453 fecit:
432 1373 484 1452 ilh
502 1375 682 1479 supplicia
701 1379 963 1475 cruciatusque
983 1375 1179 1452 Gallorum

54 1492 195 1585 veriti,
218 1513 379 1593 quorum
405 1517 514 1593 agros
543 1499 790 1582 vexaverant,
810 1506 1002 1566 remanere
1022 1517 1060 1566 se
1079 1491 1179 1596 apud

56 1629 149 1680 eum
180 1607 272 1681 velle
299 1603 486 1682 dixerunt.
511 1605 578 1682 His
595 1605 729 1682 Caesar
746 1605 962 1680 libertatem
981 1608 1179 1681 concessit.

115 1719 177 1794 16.
205 1721 429 1796 Germanico
456 1721 553 1795 bello
581 1721 755 1796 conlecto
770 1775 782 1812 ,
807 1715 936 1795 multis
968 1719 1014 1793 de
1041 1723 1180 1796 caussis

58 1837 199 1913 Caesar
227 1841 362 1914 statuit
396 1837 465 1912 sihi
491 1837 668 1913 Rhenum
686 1863 763 1913 esse
785 1837 1072 1913 transeundum:
1091 1863 1183 1937 qua·

57 1975 145 2026 rum
166 1951 229 2026 illa
247 1951 318 2027 fuit
334 1955 552 2045 iustissima,
569 1955 691 2054 qnod,
708 1975 827 2052 quum
850 1951 994 2028 videret
1026 1953 1182 2028 Germa·

59 2087 129 2139 nos
157 2071 238 2139 tam
264 2065 371 2140 facile
397 2067 544 2169 inpelli,
571 2076 615 2143 ut
640 2069 679 2142 in
707 2062 869 2142 Galliam
895 2069 1087 2160 venirent,
1104 2071 1180 2144 suis

61 2203 214 2278 quoque
231 2181 343 2256 rebus
370 2207 432 2255 eus
459 2183 591 2258 timere
610 2178 753 2274 uoluit,
770 2201 888 2282 quum
905 2171 1182 2282 intellegerent,

62 2301 100 2366 et
116 2317 222 2394 posse
238 2301 276 2369 et
294 2297 429 2371 audere
447 2293 579 2397 Populi
598 2295 760 2372 Romani
782 2297 992 2370 exercitum
1004 2291 1181 2370 Rhenum

64 2413 236 2487 transire.
286 2413 455 2490 Accessit
481 2419 620 2505 etiam,
647 2409 748 2513 quod
779 2411 840 2488 illa
872 2433 961 2512 pars
990 2413 1180 2510 equitatus

64 2527 274 2636 Usipetum·
292 2537 334 2606 et
361 2523 706 2618 Tenchtherorum',
737 2553 852 2630 quam
877 2550 989 2630 supra
1016 2553 1182 2612 commea

64 2646 211 2722 moravi
249 2649 449 2750 praedandi
488 2647 815 2746 frumentandique
857 2670 988 2725 caussa
1033 2646 1180 2723 Mosam

64 2765 262 2855 transisse,
279 2787 398 2863 neque
426 2763 566 2864 proelio
593 2763 823 2853 interfuisse,
840 2767 927 2862 post
944 2761 1072 2862 lugam
1091 2787 1182 2836 suo-

64 2899 150 2950 rum
175 2899 214 2950 se
240 2885 345 2951 trans
372 2878 548 2953 Rhenum
577 2877 615 2950 in
648 2877 739 2952 fines
765 2875 1049 2976 Sigambrorum
1074 2897 1187 2955 rece<

65 2996 170 3086 perat
204 3013 316 3088 seque
349 3015 435 3064 curn
467 2992 512 3065 iis
544 2992 803 3066 coniunxerat.
856 2987 915 3064 Ad
941 3012 1035 3087 quos
1062 3011 1179 3088 quum

66 3102 199 3178 Caesar
233 3105 391 3178 nuncios
425 3107 604 3197 misisset,
634 3108 697 3204 qui
732 3101 982 3204 postularent,
1009 3125 1089 3191 eos,
1116 3101 1181 3198 qui

67 3221 130 3293 sihi
171 3221 387 3321 Galliaeque
422 3221 560 3298 bellum
600 3221 839 3311 intulissent,
870 3219 940 3292 sibi
976 3217 1180 3309 dederent,

66 3335 355 3436 responderunt:
382 3337 516 3436 Populi
544 3335 702 3410 Romani
730 3339 920 3432 imperium
945 3331 1110 3406 erenum
1126 3325 1181 3426 fi·

66 3453 160 3523 rure:
179 3455 232 3537 sl,
252 3478 291 3526 se
315 3455 449 3541 invito,
476 3447 671 3526 Gennanos
697 3453 737 3524 'in
762 3449 918 3522 Gallium
942 3451 1095 3520 transtra
1109 3471 1181 3518 non

56 3589 216 3664 nequam
248 3573 492 3660 existimaret,
521 3593 589 3641 cur
620 3571 681 3640 sui
709 3563 902 3665 quidquam
933 3588 1009 3638 csse
1038 3565 1183 3658 imperil

67 3697 124 3752 aut
133 3687 321 3780 potestatis
332 3697 434 3755 trans
446 3682 614 3756 Hirrum
623 3681 844 3781 postularet?
853 3678 937 3750 Ubii
952 3683 1099 3766 autem,
1113 3675 1178 3772 qui

68 3799 127 3871 uni
152 3825 199 3874 ex
223 3797 500 3874 transrhenanis
525 3797 577 3872 ad·
590 3799 788 3873 Caesarem
810 3794 955 3895 legatos
981 3794 1197 3883 miserant,

99 3999 256 4080 ”idmst-
276 3997 313 4051 na
334 3995 432 4070 opums
446 3993 523 4079 aaa
539 3991 585 4048 un
686 3965 785 4062 agan
800 3994 932 4044 manaa.
945 3981 988 4043 cr.
1001 4008 1023 4068 ς.
1035 3961 1064 4042 ἐ.
1078 3989 1179 4044 omna·

69 4067 268 4184 utru-
383 4135 389 4148 ·
652 4055 1179 4206 suarattaratae

651 4195 745 4315 uu
761 4189 1179 4330 :aasentias
1208 4250 1212 4258 ·

694 4279 739 4314 ent
776 4279 792 4312 0
847 4279 856 4310 l
1166 4285 1179 4296 ··

70 4327 132 4382 simi.
142 4334 169 4384 in
191 4333 415 4390 athalaricus·
433 4331 490 4384 dod.
507 4347 531 4385 v.
547 4333 586 4380 uti
651 4326 822 4388 claresceudi,
839 4344 904 4396 quaa
922 4323 1059 4378 (acrorem
1074 4322 1179 4392 inpule-

71 4393 95 4445 in
113 4397 169 4454 lnd
604 4447 609 4454 ,
652 4397 701 4459 rit,
716 4405 747 4448 ut
761 4394 820 4449 ulii-s
831 4395 962 4448 institute
979 4395 1036 4464 ipso
1054 4400 1176 4445 tentaret·
