2986 5268
346 393 443 486 230
713 421 769 482 nr
805 423 939 482 bruno
973 425 1094 486 cars.

344 647 474 696 omnes
500 621 623 694 ferant
648 633 790 696 casum.
816 623 899 696 Hoc
926 627 1073 698 veteres
1099 647 1173 698 nou
1201 623 1356 724 probant
1378 623 1435 698 mi·

342 739 448 829 lites,
466 763 559 837 quos
584 740 652 814 sub
682 738 818 812 vexillo
838 763 911 812 una
935 739 1125 840 profectos
1153 739 1355 816 docuimus.
1381 743 1437 812 lta·

342 876 415 958 que
454 855 552 927 inter
587 879 626 928 se
660 854 867 944 cohortati,
898 853 993 928 duce
1022 855 1065 927 C.
1095 855 1282 928 Trebonio
1323 857 1436 951 quite

340 969 515 1039 ltornano
531 1019 542 1058 ,
557 969 620 1066 qui
637 969 688 1041 eis
707 975 789 1044 erat
811 971 1064 1070 praepositus,
1083 993 1149 1068 per
1165 969 1308 1040 medios
1332 968 1437 1039 hostes

338 1093 591 1184 perrumpunt
618 1085 897 1184 incolumesque
917 1085 961 1158 ad
984 1108 1101 1158 onum
1131 1109 1261 1158 omnes
1279 1086 1316 1156 in
1333 1093 1438 1157 castra

338 1203 576 1299 perveniunt.
603 1203 681 1275 Hos
703 1203 893 1276 subsecuti
917 1201 1066 1274 calones
1088 1203 1305 1300 equitesque
1325 1201 1437 1274 eodem

336 1315 467 1414 inpetu
496 1316 662 1390 militum
684 1318 826 1392 virtute
853 1323 1064 1392 servantur.
1090 1319 1142 1392 At
1164 1318 1208 1408 ii,
1231 1319 1295 1416 qui
1315 1320 1350 1391 in
1366 1321 1436 1418 iugo

337 1431 722 1523 constiterant,nollo
750 1435 865 1507 etlam
891 1459 991 1508 nunc
1020 1459 1089 1509 usu
1112 1436 1163 1509 rei
1188 1436 1359 1510 militaris
1374 1463 1437 1536 pes·
1478 1427 1480 1434 ¹

336 1557 471 1646 cepto,
489 1573 607 1646 neque
635 1549 673 1622 in
701 1574 768 1640 eo,
786 1548 886 1648 quod
909 1549 1180 1648 probaverant,
1197 1551 1352 1624 consilio
1368 1577 1438 1651 per·

255 1699 259 1706 ·
336 1689 513 1756 manere,
547 1673 590 1748 ut
621 1690 659 1738 se
694 1665 779 1740 loco
810 1667 1000 1764 superiore
1036 1665 1304 1757 defenderent,
1335 1693 1437 1766 neque

334 1803 440 1866 eam,
459 1800 574 1876 quam
600 1779 781 1878 profuisse
810 1779 889 1852 aliis
919 1781 996 1854 vim
1026 1779 1333 1880 celeritatemque
1354 1782 1437 1855 vide

333 1899 442 1981 rasit,
470 1894 608 1966 imitari
638 1899 862 1994 potuerunt;
891 1892 977 1984 sed,
1004 1917 1042 1966 se
1070 1896 1108 1967 in
1137 1899 1263 1968 castra
1290 1895 1436 1992 recipere

332 2009 481 2098 conati,
498 2011 668 2107 iniquum
695 2011 733 2083 in
761 2009 886 2084 locum
916 2009 1153 2084 demiserunt.
1180 2011 1436 2100 Centuriones,

332 2145 493 2218 quorum
530 2123 699 2198 nonnulli
725 2149 772 2198 ex
798 2125 1033 2198 inferioribus
1064 2123 1258 2198 ordinibus
1290 2123 1436 2223 reliqua·

330 2259 416 2308 rum
453 2237 643 2338 legionum
679 2239 830 2312 virtutis
863 2264 993 2314 caussa
1028 2241 1066 2312 in
1099 2239 1311 2338 superiores
1345 2241 1436 2310 erant

330 2353 477 2427 ordines
511 2356 621 2427 buius
655 2355 809 2455 legionis
843 2355 1075 2454 transducti,
1101 2377 1147 2430 ne
1178 2361 1269 2428 ante
1305 2360 1436 2453 partam

329 2473 384 2543 rei
414 2471 585 2546 militaris
611 2471 760 2545 laudern
785 2473 1022 2562 amitterent,
1048 2472 1247 2545 fortissime
1277 2496 1435 2571 pugnan-

329 2589 387 2656 tes
415 2585 672 2660 conoiderunt.
698 2587 863 2660 Militum
892 2611 999 2686 pars,
1025 2586 1158 2660 borum
1190 2588 1334 2660 virtute
1358 2587 1435 2660 sub·
1479 2591 1480 2627 ³

327 2703 442 2774 motis
480 2703 670 2794 hostibus,
696 2711 843 2802 praeter
877 2729 979 2802 spem
1015 2703 1212 2778 incolumis
1247 2704 1289 2776 in
1324 2713 1433 2778 castra

327 2819 519 2912 pervenit3
548 2843 632 2916 pars
659 2844 680 2890 a
706 2818 875 2890 barbaris
902 2821 1160 2892 circumventa
1188 2819 1314 2917 periit.
1478 2899 1479 2921 ἢ

378 2937 441 3020 4ι.
469 2933 669 3024 Germani,
696 2933 889 3032 desperata
917 2935 1191 3034 expugnatione
1207 2942 1435 3020 castrorum,

327 3047 428 3143 quod
455 3055 603 3120 nostros
629 3049 706 3123 iam
734 3051 944 3123 constitisse
972 3053 1009 3122 iu
1037 3049 1313 3122 monitionibus
1346 3048 1434 3120 virle·

324 3159 444 3249 bant,
463 3185 550 3234 curn
578 3147 622 3234 e'a
648 3161 810 3262 praeda,
839 3187 951 3261 quam
979 3165 1018 3236 in
1045 3163 1146 3236 silvis
1173 3163 1434 3262 deposuerant,
1477 3185 1478 3196 ¹

324 3285 429 3351 trans
451 3279 627 3352 Rhenum
648 3303 725 3354 sese
752 3287 985 3378 receperunt.
1011 3281 1068 3354 Ac
1092 3285 1219 3352 tantos
1237 3278 1312 3352 fuit
1330 3279 1431 3351 etiam

323 3408 410 3496 post
436 3395 637 3472 discessum
657 3397 824 3470 bostium
850 3403 991 3487 terror,
1018 3404 1063 3472 ut
1090 3421 1134 3470 ea
1161 3405 1297 3486 nocte,
1323 3419 1432 3496 quom

322 3513 366 3584 C.
380 3511 589 3584 Volusenus
605 3513 739 3584 missus
757 3535 844 3584 com
863 3513 1034 3608 equitatu
1053 3511 1098 3584 ad
1117 3519 1239 3585 castra
1259 3513 1428 3590 venisset,

321 3625 434 3698 fidem
461 3651 536 3698 non
561 3627 720 3716 faceret,
752 3625 878 3699 adesse
909 3651 999 3700 curn
1030 3625 1210 3701 incolumi
1241 3627 1429 3700 Caesarem

337 3875 399 3973 lurp
416 3870 541 3939 prerupto.
563 3853 616 3908 vid.
639 3853 699 3908 lud.
725 3855 753 3906 in
776 3871 843 3906 usuc.
911 3853 963 3972 iiim
971 3853 1059 3973 bufert
1079 3852 1164 3972 lqebum
1182 3871 1196 3933 ρ
1212 3851 1323 3906 Suetou.
1346 3849 1425 3964 lulq

319 3925 587 4061 ibisiaiiri'siii.
620 3989 677 4042 un
698 3989 744 4042 rr.
771 3987 843 4059 quoa
911 3931 1425 4061 ri...l‘.il''...t‘tif'.'‘,⁹5ss‘i⁰ll”.l.
1474 4037 1475 4048 Ν

318 4058 407 4111 Daris.
426 4061 519 4129 reponi
537 4057 617 4111 iubet.
909 4056 1020 4108 lrnsn'nm
1046 4057 1147 4106 Gallico
1176 4055 1262 4106 latito
1287 4061 1424 4122 penetrarat

343 4127 429 4195 fidem
451 4145 503 4176 non
518 4125 631 4195 jaceret.
665 4123 794 4176 Canterus
813 4139 841 4183 2,
907 4124 943 4174 ad
960 4142 1026 4174 snos.
1044 4124 1079 4174 Et
1094 4124 1217 4175 videntur
1233 4119 1310 4173 verba
1328 4120 1376 4170 lmc
1390 4135 1424 4194 re·

321 4199 358 4242 18.
374 4193 460 4263 fidem
481 4209 533 4243 non
555 4189 667 4243 haberet.
706 4201 738 4242 es
764 4189 840 4244 codd.
908 4191 1022 4244 ferenda.
1073 4189 1127 4242 Sed
1153 4189 1296 4242 Munius
1321 4193 1422 4242 errant,

317 4259 462 4311 nonnullis.
488 4259 563 4311 mala.
591 4258 739 4311 Dicendum
767 4259 840 4310 euim
906 4275 988 4328 quous
1010 4264 1037 4308 r'n
1055 4259 1195 4309 &mairia
1217 4256 1300 4308 dixit:
1330 4267 1422 4326 namus

318 4329 397 4382 forat,
416 4326 545 4377 lrarerent.
582 4334 615 4382 'rs'
632 4325 718 4397 fidem
734 4329 840 4394 jaceret
907 4327 1063 4380 Germanis.
1080 4326 1124 4394 qui
1142 4328 1170 4376 in
1189 4321 1303 4378 Galliam
1322 4331 1420 4372 tremue-

315 4392 360 4452 lnc
378 4400 417 4442 nrt
431 4393 605 4459 prr-suaderet.
907 4404 981 4452 rant,
999 4401 1080 4444 eastre
1098 4401 1159 4442 snut
1176 4389 1289 4449 obsessa,
1309 4407 1362 4440 nou
1379 4403 1419 4436 ιιι-

344 4461 437 4516 uteru
459 4460 608 4514 cacunem.
657 4459 838 4516 Hotomanus
908 4467 960 4512 tem
980 4463 1009 4514 iu
1025 4459 1176 4514 Germania.
1194 4459 1232 4512 M.

478 4602 482 4618 ¹
537 4605 559 4634 q„
