3040 5264
361 435 441 496 um.
474 435 528 496 ιν.
563 436 656 499 cur.
691 403 869 503 26-30.
1077 399 1165 504 135
1264 401 1266 409 ἴ

68 641 241 743 superiore
257 645 368 740 portu
381 638 454 714 leui
471 647 586 716 vento
604 639 809 719 solverunt.
836 647 943 738 Quae
962 631 1077 744 quum
1097 643 1169 722 ad·

68 749 396 856 adpropinquarent
421 755 636 830 Britanniae
656 763 694 832 et
712 783 759 831 ex
777 760 908 834 castris
936 760 1170 852 viderentur,

67 873 163 942 tanta
187 874 389 968 tempestas
420 871 545 944 subito
577 879 710 947 coorta
742 880 818 964 est,
837 879 879 946 ut
906 873 1007 947 nulla
1039 897 1169 948 earum

66 1009 207 1062 cursum
234 994 360 1064 tenere
379 995 526 1088 posset,
552 987 615 1062 scd
641 987 734 1062 aliae
761 989 915 1081 eodem,
942 990 1039 1064 uude
1064 1001 1170 1068 erant

64 1100 265 1198 profectae,
293 1102 540 1190 celamentum
570 1100 664 1176 aliae
698 1102 744 1176 ad
776 1103 991 1178 inferiorem
1022 1117 1169 1203 partem

63 1211 213 1307 insulae,
240 1241 335 1316 quae
361 1223 419 1292 est
444 1219 596 1318 propius
623 1217 710 1292 solis
737 1241 934 1302 occasum,
955 1240 1093 1316 magno
1111 1219 1169 1300 sui

63 1349 141 1400 cum
158 1330 321 1428 periculo
340 1331 604 1408 deiicerentur:
621 1337 880 1432 quaetamen,
893 1331 1040 1422 ancoris
1057 1333 1167 1412 iactis
1261 1341 1263 1344 ’

64 1467 167 1540 quum
184 1445 360 1524 fluctibus
379 1449 678 1550 complerentur,
694 1451 902 1526 necessario
926 1448 1083 1525 adversa
1102 1477 1169 1526 uo·

63 1562 115 1630 cte
139 1559 174 1633 in
200 1561 320 1636 altum
348 1571 550 1664 provectae
577 1565 834 1640 coutinentem
861 1567 1062 1664 petierunt.

110 1697 166 1772 29.
190 1677 333 1752 Eadem
349 1685 461 1754 nocte
480 1679 640 1772 accidit,
656 1687 701 1754 ut
718 1685 816 1754 esset
841 1677 929 1752 luna
949 1677 1082 1780 plena,
1101 1679 1168 1776 qui

64 1780 131 1858 dies
156 1792 377 1868 maritumos
405 1803 531 1871 aestus
557 1795 741 1869 maxirnos
768 1793 806 1868 in
833 1793 988 1867 Oceano
1021 1791 1166 1874 efficere

63 1905 266 1978 consuevit:
291 1909 503 2008 nostrisque
529 1908 567 1984 id
593 1916 679 1984 erat
705 1908 952 2008 incognitum.
1003 1907 1061 1986 lta
1087 1931 1164 1982 uuo

62 2012 218 2111 tempore
245 2023 286 2094 et
310 2019 440 2124 longae
470 2049 603 2113 naves,
630 2024 764 2122 quibus
794 2023 930 2098 Caesar
957 2021 1167 2100 exercitum

62 2129 383 2231 transportandum
410 2149 630 2233 curaverat,
655 2164 822 2239 quasque
847 2140 886 2212 in
914 2138 1058 2214 aridum
1077 2139 1165 2236 sub·

63 2239 227 2339 duxerat,
258 2258 382 2328 aestus
414 2255 647 2354 complebam
679 2261 719 2328 et
750 2253 956 2343 onerarias,
989 2275 1084 2350 quae
1116 2251 1166 2328 ad

64 2383 206 2439 ancoras
225 2377 332 2444 erant
349 2369 769 2473 deligatae,tempestas
788 2365 1028 2455 adflictabal3
1043 2391 1164 2466 nequa
1217 2409 1220 2414 ·

63 2471 130 2548 ulla
143 2485 276 2555 nostris
291 2483 450 2558 facultas
468 2493 535 2560 aut
552 2483 855 2568 administrandi,
869 2488 938 2556 aut
951 2480 1166 2572 auxiliandi,

63 2587 221 2672 dabatur.
241 2601 504 2702 Compluribus
523 2603 679 2676 navibus
698 2602 847 2692 fractis,
863 2599 1028 2698 reliquae
1049 2622 1168 2696 quum

62 2718 191 2804 essent,
205 2717 375 2810 funibus,
394 2721 539 2793 amoris
556 2718 779 2818 reliquisque
796 2717 1040 2794 armamentis
1057 2719 1168 2792 amis·

62 2822 122 2915 eis,
139 2830 186 2902 ad
204 2835 457 2934 navigandum
482 2835 654 2928 inutiles,
669 2859 828 2936 nragna,
842 2833 880 2907 id
900 2833 1000 2932 quod
1019 2857 1167 2908 necesse

62 2950 134 3018 erat
151 2951 341 3042 accidere,
357 2953 476 3027 totius
503 2951 689 3026 exercitus
716 2951 947 3050 perturbatio
967 2950 1066 3022 facta
1085 2957 1165 3024 esta

62 3079 170 3158 neque
199 3070 300 3142 euim
328 3093 441 3142 naves
469 3073 575 3142 erant
601 3067 711 3158 aliae,
730 3069 864 3165 quibus
882 3069 1064 3166 reportari
1083 3092 1167 3166 pos·

60 3186 152 3266 sent3
169 3189 208 3257 et
225 3187 353 3258 omnia
379 3185 552 3276 deerant,
571 3209 665 3284 quae
692 3183 739 3256 ad
765 3182 982 3258 reficiendas
998 3207 1058 3255 eas
1078 3185 1163 3258 usui

60 3301 137 3368 suut
163 3304 223 3391 et,
244 3300 345 3399 quod
372 3301 544 3374 omnibus
570 3299 788 3384 constabat,
808 3299 963 3373 hiemari
981 3299 1019 3372 in
1039 3299 1164 3374 Gallia

60 3417 234 3506 oportere,
263 3417 494 3492 frumentum
520 3416 641 3490 bisin
666 3415 758 3491 locis
783 3418 822 3490 in
849 3418 1009 3492 hiemem
1036 3421 1166 3517 provi·

60 3545 131 3598 tum
158 3557 231 3606 non
258 3541 351 3608 erat.

104 3641 160 3716 30.
186 3647 332 3738 Quibus
361 3637 472 3721 rebus
505 3647 684 3748 cognitis,
709 3646 893 3746 principes
924 3647 1159 3734 Britanniae,

61 3757 114 3848 qui
138 3770 221 3858 post
246 3763 429 3864 proelium
456 3763 600 3840 lactum
619 3763 666 3837 ad
686 3789 749 3854 ea,
769 3789 863 3862 quae
889 3767 1045 3839 iusserat
1065 3770 1159 3840 Cae-

59 3879 314 3966 nonfacienda
340 3887 618 3972 convenerant,
637 3882 736 3956 iuter
754 3907 792 3954 se
812 3879 1021 3974 conlocuti,
1041 3907 1163 3982 quum

86 4065 253 4124 stammana.
295 4071 390 4126 frustra
416 4071 572 4127 ciacconius
638 4067 736 4126 l’robet
758 4079 785 4124 et
801 4070 872 4124 Ond.
896 4089 927 4124 cx
950 4071 1027 4125 codd·
1053 4071 1162 4137 Celsus,

60 4137 219 4218 miseremur.
336 4207 342 4220 '
531 4209 536 4220 Ι
638 4139 779 4222 bimenstri.
795 4139 885 4193 simili
898 4139 977 4192 modo
989 4150 1078 4222 noster
1088 4160 1109 4194 c
1120 4139 1162 4193 31.

61 4207 572 4346 Tdrblqlb‘ldbmlbentdffllb'uqllltgaad
638 4210 871 4346 ‘abglrprdcluldt
886 4208 1013 4347 quamq.
1030 4273 1074 4329 sic
1097 4273 1163 4327 boui

60 4335 173 4392 toleretur
188 4341 221 4396 ed
231 4343 327 4394 lunam.
638 4341 715 4396 codd.

89 4401 226 4475 dantem.
244 4409 291 4462 alii
307 4409 482 4478 compleveras.
672 4411 708 4462 nd
728 4428 772 4471 ea,
796 4427 861 4478 quac
885 4413 946 4461 irus·
969 4409 1014 4470 0.,
1049 4409 1162 4460 menda.

89 4459 201 4527 limam.
235 4475 360 4543 Mum,
380 4477 499 4531 timus
526 4473 570 4530 Μ.
638 4473 708 4532 llaec
719 4475 1005 4533 adiectomteeodat
1055 4475 1163 4546 gebatur
