3040 5264
1116 35 1128 130 ἲ
1224 1 1233 4 ,

362 301 448 396 138
722 327 776 392 nu
813 330 948 398 suino
983 334 1104 397 clun.

349 541 465 622 ciunt,
491 535 547 606 uti
568 535 606 604 in
632 531 761 608 decb'oi
783 561 827 606 oc
849 541 1040 632 praecipiti
1065 539 1140 610 loco
1165 539 1333 610 incitatos
1360 555 1468 636 equos

349 653 522 726 sustinere
537 661 572 720 et
587 647 684 722 brevi
706 646 886 724 moderari
908 677 952 722 ac
966 647 1122 748 flectere
1147 666 1180 725 et
1203 677 1270 749 per
1294 665 1468 724 temonem

348 789 557 868 percurrere
572 778 616 864 ⁸ct
645 770 684 838 in
714 771 802 865 iugo
832 772 1020 856 insistere,
1037 781 1071 840 et
1088 767 1172 842 inde
1203 792 1243 842 sc
1271 771 1312 840 in
1342 793 1468 840 currite

351 888 522 956 citissime
546 885 701 976 recipere
726 889 941 955 consuerint.

404 998 465 1083 34.
491 995 635 1088 Quibus
653 995 782 1078 rebus,
805 996 1032 1094 perturbatis
1060 997 1194 1068 nostris
1215 995 1389 1070 novitate
1414 1022 1468 1096 pu·

350 1135 462 1212 gnae,
480 1117 649 1208 tempore
674 1110 988 1208 obportuuissimo
1007 1111 1142 1184 Caesar
1160 1110 1339 1182 auxilium
1363 1112 1466 1182 tulit:
1495 1153 1496 1192 ἐ

352 1247 514 1320 namque
542 1225 620 1296 eius
647 1223 810 1297 adventu
839 1226 964 1298 hostes
991 1225 1258 1311 coristiterunt,
1284 1225 1411 1296 nostri
1437 1248 1468 1294 se

351 1363 396 1410 ex
415 1340 549 1410 timore
568 1347 804 1438 receperunt.
831 1343 917 1433 Quo
944 1339 1069 1428 facto,
1087 1338 1134 1412 ad
1153 1335 1420 1410 lacessendum
1438 1343 1468 1410 et
1495 1399 1496 1416 ,

351 1453 396 1526 ad
417 1454 729 1528 committendum
750 1434 934 1554 proelium
961 1455 1121 1528 alienum
1142 1479 1218 1526 esse
1239 1443 1467 1551 teinpus-ar·

349 1567 532 1657 bitratus,
553 1593 620 1640 suo
647 1595 684 1641 se
711 1567 796 1642 loco
815 1571 1002 1644 continuit
1019 1576 1076 1659 et,
1096 1569 1199 1641 brevi
1222 1575 1398 1666 tempure
1417 1570 1467 1640 in·

349 1683 541 1770 termisso,
559 1683 597 1753 in
617 1690 739 1756 castra
766 1683 930 1784 legiones
956 1685 1119 1758 reduxit.
1153 1683 1252 1754 Dum
1280 1681 1378 1752 haec
1408 1707 1467 1780 ge-

349 1804 502 1886 runtur,
521 1801 656 1872 nostris
675 1801 848 1873 omuibus
875 1789 1087 1900 occupatis,
1106 1801 1168 1898 qui
1188 1802 1294 1871 erant
1312 1799 1350 1870 in
1373 1802 1466 1898 agris

348 1910 503 2008 reliqui,
529 1911 787 1988 discesserunt.
832 1917 992 1988 Secutae
1019 1920 1108 1988 sunt
1134 1915 1332 1986 continuos
1363 1939 1467 1986 curn·

348 2024 472 2124 plures
498 2027 574 2099 dies
600 2012 864 2127 tempestates,
892 2054 985 2128 quae
1018 2037 1057 2103 et
1092 2033 1238 2101 nostros
1267 2025 1306 2098 in
1335 2029 1466 2100 castris

349 2145 585 2216 continerent
613 2151 651 2217 et
677 2145 821 2218 bostem
841 2171 862 2218 a
881 2171 1006 2244 pugna
1030 2145 1281 2244 prohiberent.
1307 2143 1466 2216 Interim

349 2259 497 2334 barbari
526 2261 680 2334 nuncios
698 2246 736 2332 in
754 2285 882 2333 omnes
902 2268 1023 2361 partes
1042 2261 1276 2362 dimiserunt,
1294 2263 1466 2357 paucita·
1495 2319 1496 2324 ,

347 2385 499 2476 temque
527 2385 741 2451 nostrorum
767 2377 931 2450 militurn
961 2379 1035 2452 suis
1067 2376 1384 2476 praedicaverunt
1412 2387 1465 2466 et,

349 2505 489 2593 quauta
506 2495 663 2594 praedae
679 2493 865 2567 faciendae
885 2501 996 2591 alque
1012 2495 1048 2567 in
1066 2499 1288 2594 perpetuum
1304 2497 1362 2568 sui
1379 2495 1464 2566 libe·

348 2612 450 2684 randi
467 2608 626 2682 facultas
643 2607 810 2696 daretur,
824 2609 852 2680 si
868 2611 1059 2682 Romanos
1074 2608 1203 2700 eastris
1219 2605 1464 2704 expulissent,

349 2723 713 2796 demonstraverunt.
740 2722 807 2794 His
822 2721 931 2796 rebus
950 2721 1121 2796 celeriter
1139 2746 1276 2822 magna
1293 2721 1464 2796 multitu·

347 2838 431 2912 diue
445 2838 631 2936 peditatus
642 2841 905 2936 equitatusque
921 2839 1120 2926 coacta,ad
1132 2844 1255 2911 castra
1266 2825 1462 2910 veirerunt.

354 3017 357 3022 .
397 2952 457 3026 35.
485 2953 643 3042 Caesar,
669 2955 736 3026 etsi
766 2953 865 3025 idem
881 3009 892 3043 ,
917 2951 1018 3050 quod
1053 2951 1305 3052 superioribus
1336 2949 1462 3023 diebus

346 3069 554 3154 acciderat,
584 3071 661 3144 lore
690 3070 862 3159 videbat,
888 3077 951 3160 ut,
979 3072 1008 3144 si
1036 3075 1159 3144 essent
1191 3069 1318 3144 hostes
1351 3071 1461 3169 pulsi,

346 3184 535 3258 celeritate
555 3183 762 3283 periculum
782 3185 1007 3286 effugerenl3
1023 3192 1149 3260 tamen
1171 3193 1305 3262 nactus
1320 3191 1461 3286 equites

346 3298 496 3372 circiter
515 3301 687 3399 triginta,
703 3325 795 3397 quos
814 3301 1007 3374 Cominius
1025 3302 1205 3389 Atrebas,
1219 3299 1263 3372 de
1283 3325 1361 3397 quo
1381 3308 1460 3374 arrte

344 3417 487 3492 dictum
516 3425 591 3507 est,
618 3442 744 3490 seeum
773 3423 1115 3514 transportaverat,
1140 3416 1304 3516 legiones
1324 3418 1364 3488 in
1385 3419 1459 3491 acie

343 3561 411 3636 pro
431 3537 559 3610 castris
578 3535 786 3608 constituit.
813 3537 1020 3608 Commisso
1048 3533 1207 3634 proelio,
1226 3529 1375 3620 diutius,
1397 3559 1458 3606 no-

343 3661 506 3726 strorum
528 3651 688 3724 militum
709 3653 877 3749 inpetum
898 3649 1022 3724 hostes
1042 3653 1136 3724 ferre
1165 3675 1237 3722 non
1256 3656 1458 3748 potuerunt

344 3772 517 3865 asterga
545 3771 754 3838 verterunt.
781 3767 885 3857 Quos
906 3771 1014 3839 tacito
1040 3767 1161 3865 spatio
1188 3763 1325 3852 secuti,
1347 3789 1458 3862 quan-

376 3967 412 4019 ed
425 3967 603 4018 lacesseralum.
620 3964 869 4020 Roeenrtoresaddi-
968 3971 1028 4018 cire·
1052 3969 1169 4037 triginta.
1203 3964 1304 4016 Mirum
1329 3961 1391 4024 hoc,
1413 3981 1457 4015 nec

342 4033 403 4088 dere
421 4034 518 4085 bostem
540 4043 631 4087 contra
653 4035 727 4088 codd.
752 4037 868 4103 optimos
936 4033 992 4088 sinc
1009 4033 1139 4106 exemplo.
1158 4029 1201 4084 Cl.
1219 4031 1245 4083 b.
1263 4031 1322 4082 Alc.
1338 4049 1360 4082 c,
1373 4034 1397 4081 6.
1408 4033 1456 4082 llo·

342 4112 370 4154 ct
386 4099 446 4152 cdd.
465 4111 517 4154 vet.
535 4101 588 4155 Sed
605 4122 636 4155 eo
654 4121 707 4154 non
721 4121 741 4152 ‘o
764 4121 802 4153 us.
824 4101 868 4152 cf.
936 4109 1108 4154 tomannuse
1138 4121 1153 4150 o
1170 4119 1223 4152 uon
1241 4097 1404 4158 audiendus,
1416 4101 1457 4168 qui

343 4168 401 4220 [ἰν.
421 4168 465 4228 33,
484 4185 508 4232 7.
525 4168 596 4249 Virg.
616 4173 642 4227 5,
662 4181 718 4242 tuq.
737 4121 868 4234 bacani„
935 4187 966 4220 ex
985 4169 1090 4239 ingenia
1134 4168 1179 4220 CC
1199 4165 1323 4236 ponebat.
1345 4165 1455 4218 Graecus

342 4253 400 4300 720.
420 4235 448 4296 3,
468 4235 523 4288 553.
542 4236 587 4288 uhi
605 4235 657 4288 vid.
675 4235 744 4288 (lud.
935 4233 1015 4288 babet
1033 4239 1164 4306 aperitione.

377 4307 422 4363 riui
433 4315 507 4356 erasit
525 4307 551 4353 in
567 4309 637 4372 ngr-is
650 4305 751 4372 retirpri.
769 4303 868 4356 santii
969 4303 1062 4356 dietum
1083 4317 1129 4356 cst.
1155 4299 1209 4358 vid·
1231 4320 1289 4373 cap.
1317 4317 1347 4352 ιι
1370 4308 1398 4354 ct
1419 4315 1453 4364 25·

342 4370 512 4433 Britanniae
520 4370 613 4442 quibus
625 4390 647 4424 c.
656 4371 696 4425 32.
706 4370 814 4424 dixerat.
824 4371 868 4424 M·
934 4367 977 4426 Μ.
