3000 5268
260 434 271 450 .
351 359 439 474 148
711 391 766 450 nn
801 387 938 450 nunno
972 391 1094 452 clun.

342 619 415 694 que
440 593 647 694 legionibus
672 599 711 666 et
738 595 817 692 pari
844 617 1002 666 nurriero
1037 593 1236 690 equitum,
1279 615 1390 690 quem
1419 595 1447 666 in

230 713 245 727 “
342 709 549 783 continenti
576 707 829 806 relinquebat,
856 707 943 780 solis
969 731 1106 780 occasu
1133 731 1252 778 naves
1271 705 1385 778 soluit
1404 714 1449 796 et,

341 819 416 894 leni
435 821 563 895 Ai'rico
582 829 806 920 provectus,
827 821 947 894 media
967 823 1118 893 circiter
1136 827 1249 896 nocte
1276 827 1390 893 vento
1409 821 1450 890 in·

342 938 534 1025 ter-misso,
547 959 698 1008 cursum
714 959 787 1007 non
806 937 929 1018 tenuit
944 943 1003 1026 et,
1021 935 1167 1035 longius
1182 933 1339 1008 delatus
1353 939 1452 1020 aestu,

296 1123 298 1127 .
342 1059 425 1126 orla
442 1051 526 1124 lucc
538 1105 549 1142 ,
563 1052 631 1126 sub
650 1051 796 1124 sinistra
814 1051 1044 1126 Britanniam
1064 1051 1234 1125 relictam
1257 1053 1451 1150 conspexit.

341 1167 441 1239 Tum
466 1190 614 1255 rursus,
641 1172 764 1240 aestus
791 1169 1128 1244 commutationem
1147 1172 1332 1253 secutus,
1358 1163 1452 1236 remis

341 1279 559 1370 contendit,
585 1285 628 1353 ut
654 1303 735 1352 eam
756 1288 900 1378 partem
919 1279 1060 1354 insulae
1079 1285 1254 1378 caperet,
1275 1303 1354 1376 qua
1373 1278 1453 1375 opti·
1481 1315 1482 1329 κ

340 1415 447 1464 mum
473 1417 550 1466 esse
577 1417 764 1493 egressum
804 1395 992 1492 superiore
1034 1400 1176 1468 aestate
1216 1397 1452 1494 cognoverat

342 1510 428 1600 Qua
453 1511 492 1580 in
516 1533 557 1582 re
581 1508 786 1582 admodum
813 1511 885 1584 fuit
910 1509 1072 1584 militum
1103 1511 1225 1584 virtus
1252 1507 1451 1592 laudanda,

344 1626 409 1722 qui
436 1627 612 1698 vectoriis
637 1626 888 1723 gravibusque
916 1629 1098 1724 navigiis,
1136 1652 1212 1700 non
1248 1627 1452 1700 intermisso

343 1739 550 1840 remigandi
567 1739 713 1830 labore,
726 1739 924 1840 longarum
939 1743 1093 1814 navium
1106 1765 1263 1814 cursum
1279 1741 1452 1836 adaequa·

332 1861 443 1944 runt,
470 1857 672 1930 Accessum
699 1860 756 1931 est
782 1859 828 1929 ad
849 1859 1080 1930 Britanniam
1104 1858 1282 1944 omnibus
1304 1858 1451 1930 navibus

341 1968 550 2042 meridiano
576 1969 653 2044 fere
678 1978 868 2070 temporo:
895 1995 1015 2069 neque
1040 1971 1079 2043 in
1098 1995 1142 2042 eo
1161 1971 1248 2044 loco
1267 1972 1389 2044 hostis
1405 1973 1452 2040 est

342 2083 467 2173 visus,
490 2083 574 2172 sed,
600 2091 646 2159 ut
671 2093 801 2185 postea
827 2087 962 2159 Caesar
988 2109 1035 2158 ex
1061 2087 1219 2184 captivis
1246 2083 1450 2183 comperit,

341 2220 457 2294 quum
485 2223 642 2299 maguae
669 2225 802 2274 manus
828 2225 872 2272 eo
900 2199 1187 2287 convenissent,
1213 2197 1450 2276 multitudino

340 2315 495 2389 navium
521 2317 764 2412 perterritae,
803 2339 898 2413 quac
937 2339 1024 2388 cum
1066 2313 1253 2386 annotinis
1280 2312 1449 2413 privatis-

341 2453 439 2526 que,
478 2455 570 2529 quas
603 2435 658 2506 sui
686 2433 840 2534 quisquc
867 2429 1055 2504 commodi
1090 2430 1257 2520 lecerat,
1300 2427 1448 2528 ampbus

340 2547 467 2621 DCCC
493 2569 568 2620 uno
595 2552 702 2620 arant
738 2549 836 2620 visae
863 2546 1072 2644 “tempor-e,
1114 2569 1137 2626 a
1179 2545 1291 2622 litore
1319 2545 1447 2620 disces-

341 2667 466 2740 serant
491 2685 536 2732 ao
562 2685 601 2732 sc
626 2661 665 2732 in
691 2663 881 2758 superiora
906 2661 989 2734 loca
1021 2659 1250 2736 abdiderant·

392 2797 428 2871 9.
454 2775 609 2865 Caesar,
635 2777 803 2874 exposito
829 2781 997 2864 exercitu
1016 2785 1056 2850 et
1069 2777 1152 2850 loco
1171 2778 1304 2850 castris
1322 2774 1444 2848 idoneo

342 2899 476 2989 capto,
495 2892 557 2966 ubi
585 2916 632 2972 ex
651 2893 808 2990 captivis
826 2895 1031 2992 cognovit,
1046 2871 1122 2989 qim
1139 2894 1176 2964 iu
1191 2891 1276 2968 loco
1290 2892 1443 2965 hostium

342 3009 470 3108 copiae
498 3010 769 3100 consedissent,
795 3009 1012 3083 cohortibus
1039 3011 1073 3082 X
1100 3009 1146 3082 ad
1179 3033 1285 3085 mare
1317 3007 1444 3082 relictis

343 3128 383 3195 et
408 3123 594 3222 equitibus
620 3123 731 3213 CCC,
758 3125 819 3222 qui
848 3123 1030 3222 praesidio
1057 3125 1213 3196 navibus
1240 3132 1383 3210 essent,
1407 3117 1443 3188 de

341 3239 454 3312 tertia
480 3239 605 3339 vigilia
632 3239 678 3312 ad
705 3240 830 3314 hostes
857 3239 1072 3328 contendit,
1098 3264 1141 3320 eo
1169 3243 1294 3314 minus
1315 3241 1444 3314 veritm

222 3381 224 3386 ’
342 3357 517 3444 navibus,
543 3357 641 3452 quod
667 3357 706 3427 in
732 3353 841 3428 litore
869 3355 973 3428 molli
1001 3362 1115 3455 atque
1149 3365 1280 3456 aperto
1314 3357 1443 3452 deliga-2

342 3475 401 3549 tas
426 3469 474 3556 ad
501 3494 676 3556 ancoram
702 3467 963 3568 relinquebat,
1002 3475 1042 3546 et
1080 3471 1263 3571 praesidio
1296 3471 1443 3551 navibus

374 3745 554 3816 relinquebat,
572 3745 635 3801 roda
652 3764 749 3810 socom,
789 3746 864 3802 Hans
913 3793 919 3808 .
963 3753 1102 3811 mwtim's.
1129 3749 1199 3805 Malo
1216 3753 1327 3824 quidam
1342 3763 1440 3806 mmm

340 3807 480 3890 lectionari
497 3813 581 3868 Grou.
608 3812 700 3878 (Oba.
719 3824 750 3879 4,
768 3819 810 3933 4?
837 3824 865 3868 st
903 3853 914 3874 ,
929 3821 985 3878 rias
1002 3817 1145 3885 reddidero.
1293 3865 1299 3894 ι

340 3877 410 3946 Oud.
435 3897 464 3930 m
487 3878 564 3950 codd.
588 3899 616 3932 re¹
635 3890 756 3950 eremum
783 3891 864 3934 atera
963 3887 1003 3934 rui
1020 3913 1053 3923 -
1068 3885 1194 3938 commodi
1216 3905 1251 3942 sc.
1274 3907 1372 3943 caum.
1393 3877 1439 3934 vid.

302 3976 306 3984 ·
340 3951 393 4012 est,
463 3949 468 3959 '
531 3959 575 4005 aa,
597 3947 634 3998 od
650 3949 713 4000 solu
730 3965 864 4016 maome
929 3949 989 4016 lad,
1008 3951 1038 4002 in
1055 3971 1153 4008 salusa.
1172 3953 1210 4006 Μ.

339 4019 470 4130 adstruam?¹
488 4031 539 4130 'wll'
554 4013 645 4092 hahet,
663 4031 711 4066 nec
729 4013 785 4066 ullo
805 4031 863 4135 mg
962 4029 1093 4100 conpore..
1112 4012 1181 4072 Bous
1198 4023 1237 4102 sie
1253 4021 1330 4103 corld.
1347 4028 1373 4074 et
1387 4009 1439 4069 edd·

339 4089 675 4216 Clesdrlllljlpslecrillotedll'
693 4097 863 4218 lladoddrooz
928 4085 1063 4204 vellorAidlds
1073 4097 1198 4206 ln‘dvorbeusa
1214 4090 1353 4209 *dicdlllic
1369 4143 1437 4207 Acad-

338 4209 498 4288 oarufllrabes
515 4221 542 4264 et
558 4213 631 4283 apud
647 4212 706 4266 Liv.
726 4231 759 4287 2,
776 4215 818 4266 32.
836 4225 865 4284 at
929 4215 964 4290 Q
984 4229 1014 4286 4,
1033 4225 1072 4285 45.
1091 4221 1147 4272 Vos
1163 4222 1227 4274 milri
1243 4228 1373 4274 arca-ammi.

222 4291 227 4300 ·
340 4294 451 4349 possem.
961 4287 1048 4348 molli,
1066 4287 1148 4342 nullis
1163 4307 1205 4342 sco
1228 4288 1278 4344 ulis
1291 4285 1436 4361 periculose?

371 4356 514 4411 provectura.
538 4345 595 4401 Alii
608 4346 747 4433 prosectu,
772 4349 862 4418 minus
927 4365 1035 4434 “l'mf'
1047 4353 1135 4434 'nullis'
1154 4375 1214 4426 rupi
1234 4375 1266 4412 us
1289 4367 1336 4412 aut
1352 4365 1436 4431 pwsst'

341 4407 417 4476 hene,
928 4422 1229 4493 sermonumt·
