3000 5268
352 379 432 448 Lus.
466 389 505 448 v.
540 388 631 450 ore.
668 339 845 476 42-44.
1063 355 1150 483 175

43 587 239 668 fervefacta
268 589 389 666 iacula
414 592 453 665 in
480 617 606 683 casas,
629 617 724 691 quae
751 615 854 664 more
884 589 1030 666 Gallico
1057 599 1155 670 stra·

42 712 171 782 mentis
198 715 304 786 erant
330 715 473 798 tectae,
498 712 618 784 iacere
636 715 852 805 coeperunt.
881 709 959 780 Hae
980 709 1153 784 celeriter

42 825 157 920 ignem
197 824 560 924 comprehenderunt
602 831 640 898 et
681 827 785 898 venti
826 827 1082 922 magnitudine
1114 831 1153 901 in

43 965 184 1014 ornnem
212 950 421 1017 castrorum
440 941 567 1014 locum
586 941 826 1014 distulerunt.
853 941 1010 1026 Hostes,
1031 947 1154 1018 maxi-

42 1079 99 1128 mo
124 1055 286 1134 clamore
313 1059 497 1146 insecuti,
524 1059 628 1154 quasi
657 1063 763 1155 parta
791 1059 872 1132 iam'
894 1064 1005 1154 atque
1027 1062 1153 1157 explo-

41 1177 118 1241 rata
147 1173 331 1261 victoria,
371 1179 491 1246 turres
533 1171 813 1267 testudinesque
842 1195 950 1270 agere
978 1179 1015 1243 et
1043 1173 1152 1248 scalis

43 1285 174 1372 vallum
190 1289 413 1364 adscendere
428 1269 642 1386 coeperunt.
662 1292 712 1358 At
728 1293 832 1360 tanta
851 1287 1013 1360 militum
1030 1291 1150 1364 virtus

43 1409 146 1500 atque
173 1429 216 1478 ea
243 1405 451 1506 praesentia
479 1405 591 1476 animi
620 1403 713 1492 snit,
742 1410 809 1491 ot,
836 1426 952 1498 quom
985 1407 1151 1500 undique

43 1515 181 1592 flamma
209 1527 441 1596 torrerentur
467 1518 705 1617 maximaque
725 1518 887 1592 telorum
906 1519 1149 1596 multitudine

43 1642 288 1728 premerentur
313 1659 453 1733 suaque
473 1634 598 1706 ornnia
617 1615 866 1730 inpedinrenta
886 1639 998 1728 atque
1018 1659 1149 1711 ornnes

45 1747 199 1826 fortunas
228 1752 455 1854 conflagrare
482 1749 768 1850 intellegerent,
796 1775 868 1823 non
896 1751 1009 1823 modo
1028 1753 1150 1827 demi-

43 1867 160 1966 grandi
189 1895 319 1944 caussa
347 1869 392 1941 de
419 1865 517 1942 vallo
542 1865 739 1940 decederet
767 1891 902 1955 nemo,
929 1866 991 1939 sed
1028 1894 1148 1966 paene

43 2003 82 2051 ne
105 1986 302 2082 respiceret
328 1983 479 2082 quidem
494 1982 712 2080 quisquam
731 2007 773 2053 ac
794 1987 875 2054 turn
896 2004 1025 2053 omnes
1044 2007 1149 2056 acer·

42 2093 123 2168 rime
148 2098 421 2194 fortissimeque.
449 2102 669 2196 pugnarent.
695 2095 767 2166 Hic
787 2093 863 2165 dies
884 2096 1018 2166 nostris
1037 2095 1148 2197 longe

43 2209 270 2302 gravissimus
298 2211 394 2304 fnit;
423 2211 485 2282 sed
513 2217 640 2283 tamen
668 2208 767 2280 hunc
796 2207 927 2279 habuit
954 2215 1148 2302 eventurn,

44 2327 81 2394 ut
104 2349 145 2398 eo
171 2329 231 2401 die
259 2329 445 2402 maximus
471 2327 636 2398 hostiurn
673 2348 850 2397 numerus
886 2323 1148 2403 vulneraretur
1211 2401 1215 2418 ,

45 2442 143 2533 atque
169 2441 461 2530 interficeretur,
490 2447 532 2514 ut
558 2465 596 2514 se
623 2439 691 2514 sub
718 2441 798 2538 ipso
825 2437 924 2510 vallo
952 2442 1145 2539 constipa-

45 2565 179 2646 verant,
197 2583 458 2656 recessumque
476 2559 603 2657 primis
621 2557 742 2630 ultimi
764 2581 836 2628 non
857 2555 1008 2630 dabant.
1035 2559 1145 2632 Paul-

44 2663 111 2740 lum
129 2674 276 2768 quidem
291 2675 499 2748 intermissa
518 2671 689 2762 flamma,
705 2677 743 2744 et
762 2670 923 2768 quodam
943 2669 1027 2745 loco
1047 2674 1145 2750 turri

46 2785 164 2861 adacta
189 2797 228 2864 et
255 2769 497 2888 contingente
525 2787 688 2876 vallum,
706 2789 839 2860 tertiae
861 2787 1026 2862 cohortis
1045 2791 1145 2864 Cen-

45 2905 193 2980 turiones
220 2933 268 2982 ex
296 2931 461 3004 eo,quo
489 2905 661 2993 stabant,
688 2903 771 2976 loco
791 2911 1022 2978 recesserunt
1041 2930 1145 2979 snos·

46 3043 105 3114 que
129 3049 254 3100 omnes
281 3031 544 3109 removerunt3
573 3031 666 3094 notu
694 3021 924 3120 vocibusque
947 3024 1094 3114 hostes,
1113 3027 1145 3098 si

45 3131 180 3212 introire
207 3138 367 3228 vellent,
387 3163 521 3210 vocare
541 3144 767 3236 coeperunt,
790 3161 950 3234 quorum
969 3139 1143 3237 progredi

46 3274 141 3328 ausos
162 3264 216 3330 est
236 3281 357 3330 nemo.
384 3257 484 3328 Turn
511 3280 557 3328 ex
584 3255 684 3328 omni
713 3261 817 3352 parte
845 3253 1027 3354 lapidibus
1047 3281 1141 3330 con·

46 3365 133 3444 iretis
161 3375 372 3463 deturbati,
399 3374 585 3468 turrisque
613 3397 790 3444 succensa
818 3381 885 3446 est.

86 3491 141 3573 tl.
166 3491 283 3563 Erant
300 3491 337 3562 in
357 3511 400 3561 en
417 3486 560 3588 legione
579 3488 769 3562 fortissimi
786 3489 855 3562 viri
873 3489 1139 3578 Centuriones,

66 3807 197 3922 (tocsano
214 3817 306 3868 iacula.
332 3816 376 3868 An
388 3825 452 3868 sunt
465 3817 548 3888 ignita
648 3821 760 3870 maarai.
796 3815 890 3870 Potius
907 3837 921 3869 e
939 3815 1016 3870 codd.
1035 3825 1061 3869 et
1079 3816 1141 3870 edd.

47 3875 103 3948 lca?
119 3899 143 3930 ru
161 3883 206 3936 Gr,
227 3881 355 3954 metaphr·
371 3887 472 3952 altrepa
491 3893 546 3946 ,siau
614 3885 824 3952 vettlegendum
838 3887 899 3938 urit:
919 3884 1017 3936 Hostes
1028 3890 1142 3963 nuriano

47 3937 160 3999 dicuntur.
201 3951 278 4003 'Feles
310 3953 384 4004 suere
413 3951 547 4014 malleoli,
614 3954 742 4014 clamore,
763 3957 836 4032 siracti
855 3965 936 4022 parta
960 3957 1012 4002 inm
1030 3982 1062 4032 Τ
1080 3971 1140 4031 ¹2⁶·

47 4019 99 4084 quos
114 4013 145 4092 ad
165 4035 187 4068 r..
209 4027 246 4082 'i-
264 4017 297 4071 de
315 4018 384 4072 hello
401 4019 476 4072 Alex.
503 4019 548 4072 de·
614 4030 645 4072 ut
663 4021 704 4078 fit,
724 4019 771 4072 uhr
789 4039 842 4072 ram
861 4029 933 4090 parts
958 4029 998 4070 est
1022 4029 1139 4074 vrctorra.

47 4085 129 4188 stinpah
169 4083 241 4136 Idem
266 4086 359 4140 Vossio
385 4097 411 4139 et
439 4087 545 4140 Davisio
613 4089 651 4138 M.
677 4087 821 4150 Vulqatum
839 4089 954 4141 Graecus
973 4085 1061 4138 hahet.

69 4161 100 4192 arr
130 4184 137 4197 .
760 4160 763 4167 ’
882 4161 886 4168 ·
986 4155 993 4170 ’
1109 4155 1114 4167 “

47 4153 142 4287 pwltll·
161 4151 248 4270 Mblom
265 4219 431 4274 tabernacula
454 4223 482 4274 in
500 4219 545 4273 lri·
612 4155 1074 4282 Callilfeasllwilnrldllldddltderllaas
1084 4153 1139 4273 qu

48 4267 307 4339 brrnnllomanorum.
324 4289 366 4340 M.
392 4289 551 4342 Cosastales·
611 4289 678 4342 harro
694 4291 787 4340 urbem.
822 4289 865 4343 Cl.
884 4291 1001 4343 cericus
1018 4291 1050 4342 Α.
1080 4291 1139 4343 crit·

48 4347 68 4388 ‘¹
81 4347 141 4412 ⁹1¹⁰d
163 4351 318 4435 Germa-nos,
331 4365 444 4412 structas
468 4356 548 4412 offert
618 4374 645 4419 ι,
665 4375 692 4418 2,
710 4375 734 4407 2.
1058 4429 1063 4439 Ι

48 4405 148 4468 tolano·
163 4418 305 4479 Antonma·
647 4439 675 4480 ut
692 4444 727 4479 se.
745 4426 850 4482 Frustra
864 4425 971 4482 Hotom·
983 4421 1042 4480 vult
1053 4437 1092 4478 eta
1103 4442 1138 4477 se·
