3026 5264
390 401 471 464 ns.
506 315 537 462 n
569 401 661 463 cnr.
700 370 875 464 30-32.
1086 373 1180 504 389

59 607 158 681 duas
181 603 345 707 legiones
371 604 565 696 effecerat,
591 606 787 680 hominum
819 613 858 678 et
883 603 1053 678 locorum
1081 607 1184 680 noti-

59 725 121 796 tia
146 729 184 796 et
210 746 280 796 usu
312 723 391 818 ejus
418 723 633 819 provinciae
661 729 793 794 nactus
825 721 948 794 aditus
975 723 1021 794 ad
1053 749 1097 796 en
1122 749 1185 796 co·

60 838 214 924 nanda,
241 837 344 937 quod
371 837 499 936 paucis
526 840 612 908 ante
648 838 752 910 annis
794 861 840 909 ex
880 840 1070 912 Praetura
1099 863 1184 914 eam
1218 893 1225 913 .

59 957 299 1056 provinciam
324 955 552 1028 obtinuerat.
578 954 649 1026 Hic
678 955 891 1027 venientem
926 959 1075 1044 Uticam
1113 985 1186 1031 na-

60 1074 174 1146 vibus
200 1071 440 1145 Tuberonem
467 1073 581 1166 portu
608 1075 721 1165 atque
743 1069 879 1168 oppido
908 1073 1102 1170 prohibet,
1122 1101 1185 1148 ne-

63 1209 139 1283 que
165 1185 355 1259 adlectum
383 1182 595 1255 valetudine
619 1181 740 1288 filium
766 1209 950 1282 exponere
976 1189 1014 1260 iu
1041 1197 1182 1264 terram

62 1299 230 1399 petitum
257 1299 319 1372 sed
347 1295 503 1370 sublatis
530 1299 676 1373 arrcuris
703 1301 882 1372 excedere
903 1324 946 1372 eo
965 1300 1048 1374 loco
1067 1303 1183 1403 cogit.
1298 1325 1301 1336 ’

118 1414 179 1486 32.
205 1413 273 1486 His
299 1411 409 1484 rebus
428 1411 629 1494 confectis,
649 1414 806 1500 Criesar,
826 1420 868 1486 ut
885 1413 1070 1511 reliquum
1091 1424 1186 1490 tern-

63 1551 138 1626 pus
156 1551 178 1598 a
195 1525 322 1598 labore
341 1528 676 1615 intermitteretur,
695 1523 831 1600 milites'
849 1529 888 1599 in
907 1530 1077 1626 proxima
1103 1553 1186 1602 mu·

63 1643 204 1744 nicipia
231 1643 404 1717 deducit:
431 1645 509 1742 ipse
536 1641 583 1716 ad
610 1643 741 1716 urbem
761 1643 1021 1741 proficiscitur.
1039 1647 1184 1719 Coacto

53 1763 240 1848 Senatu,
264 1763 415 1834 iniurias
442 1761 679 1834 inimicorum
707 1770 1007 1849 commemorat,
1041 1763 1186 1850 docet,

66 1899 108 1948 se
134 1876 271 1947 nullum
303 1876 629 1950 extraordinarium
668 1874 836 1948 bonorem
875 1877 1075 1975 adpetisse,
1100 1880 1186 1954 ¹sed

65 1976 271 2086 exspectato
289 1989 449 2085 legitima
466 2005 621 2085 tempore
638 1988 872 2080 Consulatus,
898 2017 938 2064 eo
949 1991 1080 2086 fuisse
1097 2019 1187 2064 con-

67 2117 206 2177 tentum
222 2157 244 2194 ,.
258 2105 355 2202 quod
377 2103 539 2176 omnibus
565 2103 699 2178 civibus
723 2119 885 2202 pateret:
911 2109 1023 2178 latum
1048 2110 1092 2181 ab
1128 2111 1187 2186 de·

68 2244 149 2291 aem
181 2219 349 2303 Tribunis
372 2219 506 2316 plebis,
532 2233 655 2290 eontra
682 2219 878 2292 dicentibus
910 2226 1093 2312 inimicis,
1120 2225 1187 2295 Ca·
1251 2270 1262 2299 .

70 2349 154 2409 tone
179 2361 260 2412 vero
285 2340 457 2408 acerrime
487 2349 729 2434 repugnante,
754 2349 808 2424 et,
842 2341 997 2434 pristina
1035 2365 1187 2416 consue-

70 2451 220 2540 tudine,
245 2449 389 2524 dicendi
424 2475 525 2520 mora
565 2451 641 2523 dies
674 2449 907 2540 extrahente,
933 2465 973 2522 ut
998 2457 1058 2523 sui
1091 2461 1183 2530 ratio

68 2564 225 2638 absentis
255 2563 469 2652 baberetur,
493 2570 571 2662 ipso
598 2564 749 2637 Consule
775 2563 969 2662 Pompeio:
995 2569 1059 2663 qui
1080 2571 1116 2638 si
1131 2573 1186 2640 in·

67 2679 282 2776 probasset,
305 2705 372 2760 cur
381 2679 490 2773 serri
508 2705 640 2776 passus
666 2681 790 2752 esset?
814 2684 872 2750 sin
895 2677 1106 2776 probasset,
1121 2707 1187 2756 cur

69 2817 111 2866 se
136 2797 192 2865 uti
212 2793 340 2891 papuli
363 2789 530 2888 beneficio
555 2793 829 2892 prohibuisset?
856 2795 1072 2867 Patientiam
1099 2823 1189 2894 pro-

68 2911 172 3004 ponit
196 2931 329 2995 suam,
368 2935 478 3007 quum
516 2909 560 2981 de
597 2909 811 2981 exercitibus
845 2907 1066 2981 dimittendis
1095 2911 1188 2980 ultro

68 3021 344 3115 postulavisset,
370 3027 409 3094 in
434 3047 502 3120 pua
528 3028 707 3096 iacturam
734 3023 922 3121 dignitatis
948 3037 1053 3118 atque
1079 3019 1191 3092 bono·

71 3144 126 3212 ris
151 3143 228 3235 ipse
238 3135 418 3232 facturus
433 3152 544 3212 esset.
565 3139 804 3212 Acerbitatem
824 3145 1057 3216 inimicarum
1070 3139 1190 3227 ιίοοεὶ,

70 3257 138 3349 qui
150 3305 162 3340 ,
187 3253 283 3350 quod
305 3253 349 3322 ab
375 3253 485 3324 altero
507 3255 752 3351 postularent,
777 3259 815 3324 in
841 3279 881 3325 se
911 3265 1115 3326 recusarent
1132 3267 1192 3322 ut-

71 3393 142 3470 que
167 3373 287 3444 omnia
308 3373 521 3470 permisceri
553 3370 716 3459 mallent,
741 3395 850 3470 quam
874 3373 1065 3469 imperium
1090 3391 1192 3443 exer·

108 3691 137 3736 in
148 3697 255 3739 terram
272 3685 330 3740 Alii
345 3691 373 3740 ln
390 3700 474 3751 utra,
487 3695 520 3740 ul
532 3686 603 3742 vell.
699 3691 812 3758 pristina
820 3681 1006 3738 comuetudittess
1021 3683 1063 3736 Cs-
1073 3681 1193 3740 Gellium

74 3769 104 3816 2,
124 3769 166 3820 79·
313 3773 316 3778 “
669 3753 704 3807 N.
716 3759 748 3808 A.
758 3767 786 3820 4,
799 3773 835 3808 ιο.
849 3755 891 3806 M.
903 3753 952 3805 Pro
963 3754 1019 3807 dies
1030 3749 1100 3804 scat.
1112 3753 1178 3802 diem
1183 3790 1193 3813 ,

528 3877 534 3888 ,
605 3852 611 3874 ι
671 3822 746 3874 arole.
764 3839 827 3874 nam
845 3821 933 3892 plures
951 3819 1007 3872 dics
1025 3819 1131 3870 exemit.
1149 3819 1192 3874 tls.

110 3872 208 3924 Coacta
237 3873 335 3930 Senatu
372 3873 406 3926 ab
432 3875 552 3928 Antonio
577 3883 604 3927 ot
670 3887 978 3948 G„0„07„(1Ljv,22‚
1000 3889 1037 3940 ,8,

75 3939 182 4000 Cossio,
199 3939 325 3994 Tribunis
343 3939 437 4014 plebis.
460 3943 512 3995 Dio
530 3943 603 3998 cass.
933 4003 938 4016 ,

75 4015 125 4070 ⁴¹·
148 4011 186 4058 ¹⁵·
204 4008 242 4062 Μ.
705 4005 815 4058 Comule
832 4003 962 4072 Pompeia.
1014 3999 1123 4054 Sueten.
1141 3996 1193 4052 tul.

111 4128 184 4186 esst·
202 4111 316 4180 legitimo
332 4125 459 4182 tempore,
475 4110 501 4165 h.
520 4132 543 4164 e.
560 4113 605 4166 ‹le-
671 4075 712 4128 ²8⁰
729 4079 800 4144 ’Ψ
818 4091 846 4134 ²⁹
864 4079 905 4123 ιδ’
923 4087 951 4140 p'
970 4079 1026 4136 ψ’
1044 4069 1082 4118 Μ’
1125 4145 1129 4154 .

78 4195 175 4229 cenato
197 4187 260 4249 post
281 4181 399 4250 primunt
418 4179 603 4236 Consulatum.
669 4211 672 4219 =
704 4187 774 4236 ultro
788 4185 968 4255 postulavisset
987 4184 1014 4234 in
1032 4181 1143 4244 litteris,
1161 4179 1196 4236 tle

77 4245 122 4300 ΙΙ·
671 4253 838 4324 quihusc.1.
857 4261 884 4304 et
901 4249 979 4304 dab.
996 4249 1137 4313 G.8‚ult.
1155 4251 1196 4312 Μ.

113 4355 247 4406 abderent
267 4356 385 4410 Tribunis
399 4357 486 4426 plebis.
504 4357 606 4414 cloud
703 4360 849 4423 permisceri
860 4355 975 4407 nullent.
988 4352 1092 4407 Mavult
1104 4353 1196 4409 Davit-

81 4425 139 4482 titt.
158 4437 187 4489 7,
201 4422 232 4481 ὃ.
248 4423 439 4480 Hotomannus.
668 4427 830 4494 peruincere.
847 4441 903 4478 unu
919 4440 996 4492 opus·
1014 4423 1098 4488 0127.
1116 4423 1159 4476 bo.
