3040 5264
304 330 402 426 ,80

338 559 483 638 tissime
496 558 598 652 viro,
615 557 745 636 multis
762 563 1012 664 gravibusque
1024 559 1242 636 vulneribus
1256 561 1461 656 conlecto,

341 677 480 749 utiam
498 699 537 750 se
556 677 737 752 sustinere
757 701 832 750 non
858 685 1003 778 posset,
1027 676 1190 776 reliquos
1210 701 1288 750 esse
1315 677 1462 752 tardio-

278 881 284 898 ·
339 809 420 878 res,
448 797 486 863 et
504 789 701 866 nonnullos
727 792 774 864 ab
793 793 1004 866 novissimis
1031 791 1200 866 desertos
1227 791 1370 890 proelio
1397 815 1463 863 ex-

335 903 473 990 ,cedere
491 930 535 978 ac
550 893 628 984 tela
657 908 797 994 vitare,
824 905 941 980 bostis
959 929 1078 1004 neque
1105 931 1127 978 a
1158 907 1281 979 fronte
1300 929 1349 978 ex
1366 904 1427 978 ini
1444 945 1463 958 ·

342 1017 441 1092 tiore
459 1017 543 1092 loco
561 1020 763 1094 subeuntes
785 1021 1067 1113 intermittere,
1089 1026 1126 1094 et
1152 1020 1199 1092 ab
1218 1025 1383 1116 utroque
1409 1018 1463 1090 la·

341 1143 421 1212 tere
439 1138 599 1224 instare3
617 1143 656 1214 et
683 1163 763 1212 rem
783 1161 860 1215 esse
885 1139 923 1214 in
949 1143 1109 1240 angusto
1127 1137 1240 1228 vidit,
1258 1160 1384 1234 neque
1408 1136 1466 1208 ul·-

341 1253 422 1330 lum
443 1279 520 1329 esse
547 1253 773 1341 subsidium,
794 1254 894 1352 quod
920 1256 1092 1330 submitti
1117 1259 1260 1354 posset:
1288 1259 1403 1328 scuto
1422 1253 1465 1326 ab

345 1375 559 1450 novissimis
576 1375 639 1447 noi
657 1371 766 1447 militi
781 1372 952 1448 detracto
961 1371 1091 1470 ,'qnod
1104 1373 1181 1471 ipse
1200 1396 1244 1445 eo
1261 1373 1341 1444 sine
1355 1379 1466 1448 scuto

347 1499 531 1580 venerat,
564 1491 603 1564 in
636 1493 796 1590 primam
831 1490 950 1564 aoiem
985 1491 1194 1588 processit,
1223 1491 1468 1564 Centurioni-

343 1607 490 1706 busque
510 1605 733 1678 nominatim
751 1602 967 1702 adpellatis,
986 1603 1146 1701 reliquos
1161 1603 1389 1678 cohortatus
1403 1605 1469 1678 mi·

344 1723 454 1814 lites,
472 1726 577 1826 signa
596 1724 731 1798 inferre
749 1730 788 1796 et
806 1721 1016 1821 manipulos
1029 1720 1156 1794 laxare
1173 1721 1302 1812 iussit,
1322 1747 1401 1819 quo
1422 1725 1471 1796 fa·

347 1837 456 1916 cilius
482 1837 613 1938 gladiis
640 1838 694 1910 uti
722 1842 883 1934 possent.
927 1836 1041 1910 Cuius
1068 1835 1234 1910 adventu
1260 1861 1325 1936 spe
1355 1837 1472 1912 inlata

347 1949 532 2030 militibus
550 1977 594 2024 ac
620 1950 875 2050 redintegrato
902 1953 1052 2042 animo,
1078 1974 1196 2048 quum
1220 1975 1289 2048 pro
1317 1975 1357 2024 se
1374 1951 1472 2048 quis

352 2089 449 2166 que,
465 2068 503 2140 in
522 2071 727 2166 conspectu
745 2067 986 2164 Imperatoris
1004 2066 1119 2138 etiam
1137 2067 1175 2137 in
1198 2042 1379 2138 extremis
1398 2065 1473 2138 suis

351 2182 490 2270 rebus,
517 2205 669 2279 operam
698 2203 835 2256 navare
867 2187 1076 2282 cuperent,
1107 2177 1275 2288 paullum
1302 2180 1473 2260 bostium
1509 2201 1510 2212 ¹

349 2295 500 2395 inpetus
526 2296 700 2398 tardatus
728 2299 795 2372 est.

401 2414 462 2489 26.
490 2414 643 2506 Caesar,
664 2436 782 2510 quum
808 2410 1004 2510 septimam
1026 2407 1233 2512 legionem,
1251 2433 1347 2508 quae
1365 2410 1474 2486 iuxta

703 359 758 424 DE
793 360 930 424 tutto
966 364 1088 428 ortt.

234 2535 241 2550 '
351 2534 598 2616 constiterat,
617 2533 709 2604 item
729 2529 879 2628 urgueri
898 2527 944 2599 ab
966 2529 1073 2604 hoste
1093 2529 1266 2615 vidisset,
1283 2529 1476 2604 Tribunos

350 2643 516 2718 militum
536 2645 710 2732 monuit,
728 2649 772 2716 nt
788 2639 984 2742 paullatim
1002 2668 1080 2718 sese
1097 2643 1259 2746 legiones
1277 2645 1478 2744 coniunge·

351 2767 438 2849 rent
464 2767 505 2834 et
530 2785 712 2836 conversa
729 2761 834 2860 signa
861 2759 900 2832 in
927 2760 1053 2836 hostes
1079 2763 1272 2836 inferrent.
1303 2768 1393 2855 Quo
1423 2765 1479 2836 la·

354 2879 439 2972 etc,
457 2898 574 2972 quum
593 2873 685 2950 alius
710 2871 772 2946 alii
797 2871 1004 2948 subsidium
1027 2877 1189 2970 terrent,
1214 2900 1335 2974 neque
1361 2879 1481 2950 time*

356 2995 461 3076 rent,
480 3011 526 3060 ne
544 2989 664 3064 aversi
685 2988 731 3061 ab
755 2989 860 3062 hoste
887 2991 1272 3086 circumvenirentur,
1298 2991 1481 3065 audacius

352 3106 531 3181 resistere
556 3131 600 3182 ac
623 3107 757 3184 fortius
777 3131 942 3214 pugnare
974 3119 1192 3214 coeperunt.
1223 3109 1379 3186 Interim
1413 3111 1482 3182 mi·

388 3316 415 3352 se
432 3299 564 3352 sustinere.
583 3297 666 3354 Codd.
685 3297 794 3370 qnidam
820 3317 882 3374 pro·

240 3397 243 3402 ,
356 3381 457 3420 nomen
474 3367 613 3418 omittunt.
630 3365 673 3424 Sic
694 3375 721 3420 et
738 3365 804 3418 alibi
824 3367 882 3418 sine

357 3451 427 3492 casn.
447 3441 515 3484 nbc.
536 3436 560 3483 6.

388 3501 504 3550 desertos
517 3515 552 3550 sc.
565 3495 695 3562 ducibus,
708 3501 753 3574 qni
766 3517 819 3552 non
829 3517 884 3552 om·

355 3563 428 3640 plius
441 3563 574 3622 habebant
592 3565 687 3628 eluces,
701 3567 824 3638 aquibus
837 3585 885 3638 pu·

356 3651 435 3707 gnaro
457 3631 612 3690 iuberentur
629 3641 656 3685 et
673 3644 833 3704 cogerentur.
852 3633 884 3684 ln

228 3699 236 3710 ¹
253 3715 256 3725 ¹
355 3718 411 3752 uno
422 3699 481 3752 cod.
496 3709 536 3752 est
548 3700 670 3768 deserto,
709 3703 764 3753 nasi
782 3701 883 3752 deserto

352 3767 454 3840 proelio
468 3765 632 3834 iungendum
643 3769 679 3826 sit
693 3805 699 3829 ,
717 3787 795 3826 sensu
819 3767 884 3820 sotis

357 3833 512 3897 commodo;
520 3833 566 3886 sed
574 3851 628 3890 non
639 3843 705 3910 puto
713 3836 885 3890 necessariam

356 3918 411 3954 esso
440 3901 617 3954 mutationem
648 3901 788 3965 lectionis,
823 3917 885 3954 uam

356 3984 448 4020 omnes
466 3967 512 4018 olil
530 3967 607 4020 codd.
626 3969 761 4023 exhibent.
813 4007 819 4018 .

390 4037 435 4084 nni
445 4035 530 4084 militi.
540 4035 688 4108 Fugientem
700 4045 786 4091 narrat
793 4035 885 4088 Florus

357 4101 399 4159 3,
425 4115 463 4152 tn.
488 4101 581 4154 lentius
598 4101 760 4157 dimicantem
784 4121 886 4172 onony-

358 4185 428 4223 mos.
451 4167 497 4220 Sic
518 4175 546 4221 et
562 4167 623 4221 val.
641 4171 712 4224 Mox.
731 4174 765 4230 3,
785 4185 821 4231 2,
842 4185 881 4236 ¹9·

362 4233 475 4288 timidius
488 4249 653 4306 pugnantem.

393 4299 507 4362 laxare,
531 4303 568 4356 sic
590 4321 636 4374 per
661 4301 796 4355 intervallo
821 4319 888 4355 con-

362 4364 460 4427 locare,
472 4385 506 4420 ne
519 4371 599 4422 nimis
617 4371 730 4428 conserti
741 4378 831 4424 stent:
850 4371 888 4426 ita

947 3301 1020 3358 enirn
1038 3307 1187 3363 steterant,
1204 3311 1236 3356 nt
1247 3301 1339 3374 paullo
1356 3311 1423 3358 ante
1442 3303 1483 3355 di-

947 3375 1021 3420 ctum
1038 3378 1087 3420 est·
1105 3369 1143 3422 M.

949 3445 1061 3568 mquiur
1084 3447 1203 3500 adventu.
1228 3447 1274 3503 sic
1291 3447 1370 3502 codd.
1389 3448 1482 3518 Vulgo

994 3531 1032 3564 ur.

951 3592 1134 3722 ..tout
1145 3591 1484 3715 bitettinum

951 3727 983 3807 6?
994 3725 1044 3807 ,βο
1060 3727 1105 3782 SIC
1123 3737 1150 3781 Gt
1167 3731 1198 3782 C·
1211 3730 1244 3792 3,
1263 3729 1305 3780 33·
1322 3729 1411 3779 inhia
1429 3745 1483 3778 SM·

949 3811 1057 3864 panone.

983 3890 1035 3943 pro
1057 3893 1085 3926 tc
1110 3879 1224 3945 quisque.
1253 3873 1271 3924 i.
1299 3893 1321 3925 e.
1347 3883 1484 3944 qnantrrm

953 3950 1058 4010 posset,
1077 3961 1125 4012 pro
1136 3940 1208 3993 virili
1226 3949 1309 4012 [rarle.
1327 3941 1389 3994 Non
1402 3959 1485 3993 nemo

951 4025 1002 4078 pro
1020 4025 1059 4069 se,
1077 4008 1154 4061 male.

975 4093 1014 4152 ,in
1026 4093 1145 4140 extremis
1157 4109 1177 4141 s.
1190 4110 1212 4143 r.
1231 4089 1398 4160 praepositio
1409 4089 1487 4142 deest

954 4158 983 4208 in
999 4156 1074 4208 codd.
1094 4157 1224 4228 plerinpre
1242 4165 1269 4208 et
1286 4155 1348 4213 edd.
1366 4167 1419 4208 vet.

988 4237 1054 4288 alins
1067 4241 1114 4290 atti
1122 4239 1235 4311 firrrcnt.
1254 4237 1338 4307 Vulgo
1351 4238 1413 4290 aliis
1426 4237 1484 4288 atii.

955 4305 1019 4354 item
1037 4305 1103 4384 nlius
1116 4308 1163 4358 olii
1170 4306 1267 4384 serm
1285 4307 1314 4358 in
1325 4305 1430 4377 vulgato
1444 4317 1483 4365 etl

955 4371 1079 4448 syllepsis
1096 4391 1150 4426 non
1168 4381 1279 4427 insueta.
