3032 5266
398 404 683 494 majurum.
727 433 894 529 19-21.
1096 401 1205 519 45¹.-

78 633 189 706 nium
216 653 263 705 ex
289 630 423 731 oppido
442 632 685 732 expellerent,
704 635 832 708 urbem
847 633 1078 734 insulamque
1096 636 1207 710 Cae--

76 751 156 822 sari
190 754 410 821 seruarent.¹
452 749 533 822 Hoc
567 751 660 822 inito
687 750 871 840 consilio,
908 751 1206 826 denunciavisse*

81 861 286 947 Gallonio,
314 869 358 936 ut
384 885 450 936 sua
475 872 635 964 sponte,
660 863 750 936 dum
768 866 844 936 sine
861 863 1030 963 periculo
1043 863 1191 953 liceret,

80 974 281 1083 excederet
306 973 492 1062 Gadibus;
519 977 548 1049 si
574 976 611 1050 id
639 1001 712 1050 non
732 977 898 1066 fe'cisset,
914 977 981 1050 sibi
996 975 1192 1058 consilium

1 1179 2 1183 Ἰ
82 1099 263 1190 capturos
281 1119 290 1160 :
318 1089 389 1165 boc
416 1093 551 1166 timore
577 1092 782 1168 adductum
797 1093 1008 1167 Gallonium
1025 1093 1203 1168 Gadibus

81 1206 293 1278 excessisse.
335 1205 403 1279 ldis
429 1206 589 1304 cognitis
613 1207 744 1296 rebus,
763 1206 880 1280 altera
905 1231 951 1282 ex
968 1207 1111 1280 duabus
1136 1205 1193 1280 le-

79 1318 283 1418 gionibus,
308 1341 405 1416 quae
432 1318 631 1392 vernacula
666 1319 946 1418 adpellabatur,
980 1341 1036 1392 ex.
1060 1320 1207 1392 castris.

82 1431 285 1517 Varronis,
315 1433 484 1506 adstante
503 1440 542 1506 et
558 1435 788 1530 inspectante
806 1436 905 1532 ipso,
920 1431 1189 1532 signasustulit

35 1547 232 1642 'seseque
258 1546 423 1645 Hispalin
449 1551 591 1648 recepit
615 1556 728 1646 atque
753 1551 792 1622 in
818 1549 899 1622 foro
917 1555 969 1620 et
983 1547 1187 1645 porticibus
1309 1633 1313 1642 .
1405 1631 1409 1642 ,

80 1665 160 1736 sine
184 1661 366 1738 maleficio
392 1665 583 1738 consedit.
649 1664 761 1758 Quod
797 1665 940 1738 factum
979 1663 1070 1740 adeo
1110 1666 1189 1738 eius

82 1783 292 1850 conventus
306 1778 405 1850 cives
415 1780 577 1854 Romani
594 1780 953 1878 comprobaverunt,
971 1774 1188 1858 utdomurn
1309 1871 1311 1876 ι

84 1893 197 1967 adse
222 1896 376 1991 quisque
403 1897 561 1994 hospitio
587 1895 821 1993 cupidissime
846 1895 1038 1991 reciperet.
1089 1893 1184 1984 Qui·
1280 1965 1286 1975 ,
1323 1937 1326 1944 -

1 2049 3 2088 1
84 2008 155 2084 bus
173 2008 283 2082 rebus
298 2011 518 2108 perterritus
535 2012 675 2098 Varro,
693 2033 829 2107 quum,
844 2010 973 2096 itinere
992 2031 1185 2098 converso,

84 2149 163 2200 sese
188 2125 355 2202 Italicam
383 2133 585 2201 venturum
610 2125 866 2224 promisisset,
892 2125 1027 2199 certior
1040 2124 1095 2200 ab.
1113 2125 1188 2221 suis
1310 2136 1315 2159 ¹

78 2242 204 2316 sactus
221 2249 305 2326 est,
333 2241 539 2340 praeclusas
565 2265 640 2314 esse
667 2245 804 2340 portas.
830 2242 928 2312 Turn
947 2263 1058 2327 vero,
1083 2243 1186 2316 omni

79 2357 304 2434 interclusus
329 2360 486 2446 itinere,
512 2357 558 2430 ad
584 2357 778 2430 Caesarem
804 2357 946 2444 mittit,
964 2364 1133 2453 paratum
1147 2382 1187 2439 se

1 2519 3 2536 ·
84 2493 162 2544 esse
178 2525 189 2560 ,
205 2468 410 2570 legionem,
427 2471 487 2544 cui
506 2473 677 2561 iusserit,
695 2455 896 2544 transdere.
937 2467 1001 2544 ule
1027 2468 1075 2541 ad
1100 2493 1187 2554 eum

84 2589 167 2662 Sex.
178 2587 381 2666 Caesarem
393 2587 512 2660 mittit
523 2592 643 2684 ¹atque
661 2586 747 2660 huic
762 2583 901 2660 transdi
919 2585 1033 2658 iubet.
1050 2588 1192 2660 Trans-¹

84 2700 161 2774 dita
185 2698 358 2798 legione,
382 2701 502 2774 Varro
528 2700 743 2774 Cordubam
769 2699 815 2772 ad
834 2699 1035 2772 ,Caesarem
1063 2683 1184 2774 venit:

1 2823 4 2900 ζ
82 2815 211 2917 relatu
236 2815 282 2888 ad
309 2837 396 2888 eum
422 2813 578 2914 publicis
604 2839 691 2888 curn
718 2813 789 2888 fide
814 2814 1045 2906 rationibus,
1085 2814 1187 2912 quod

82 2925 195 3030 penes
219 2951 305 3004 eum
331 2935 388 3002 est
414 2931 614 3028 pecuniae,
640 2928 808 3002 transdit.
825 2933 892 3017 et,
917 2925 1017 3028 quod
1050 2928 1188 3026 ubique
1290 2947 1296 2958 ·

1 3041 3 3049 ’
82 3045 220 3130 babeat
238 3044 444 3133 frumenti,
468 3068 512 3118 ac
539 3044 691 3117 navium
718 3042 893 3116 ostendit.
941 3077 1006 3126 „e
1188 3139 1193 3148 ῃ

140 3187 201 3236 21.
227 3163 386 3251 Caesar,
412 3162 591 3236 concione
618 3159 745 3232 habita
778 3157 998 3247 Cordubae,
1015 3158 1189 3248 omnibus

1 3312 2 3382 j
82 3279 288 3382 generatim
314 3277 453 3378 gratias
478 3277 579 3375 agit:
607 3274 750 3349 civibus
774 3274 969 3364 Romanis,
996 3273 1096 3372 quod
1122 3298 1187 3378 op7

10 3621 14 3636 .
82 3587 216 3710 Eegsgpint
240 3585 345 3707 {lippus
366 3581 407 3666 Ep
428 3621 435 3634 .
453 3583 490 3702 Ξ,
516 3601 547 3651 9,
574 3585 604 3638 rs
668 3587 695 3702 ἓ
717 3579 830 3698 {stipsis
851 3597 877 3631 ss
894 3579 949 3632 sos
967 3577 1021 3633 Sed
1037 3595 1062 3633 v.
1079 3585 1134 3631 not.
1152 3577 1189 3634 ad

324 3671 330 3702 ε
476 3669 526 3701 uno
561 3669 604 3700 co·
696 3681 703 3698 .
749 3684 758 3708 ,
808 3681 815 3696 .
945 3683 950 3692 .
990 3685 995 3694 .

82 3669 496 3790 bdrtrumaeosublglassibbufinrnt.
522 3670 601 3768 dous.
701 3712 844 3766 ver-mla.
860 3714 923 3772 Au.
942 3731 1007 3783 quaa
1024 3719 1128 3766 constat
1149 3713 1191 3764 ius

85 3789 119 3842 Li
154 3786 329 3841 iusdamilit.
341 3785 416 3838 Rom.
430 3803 457 3846 2,
467 3803 490 3854 9.
503 3783 600 3842 cruor,
668 3779 791 3846 digentis?
818 3787 848 3831 ut
875 3779 940 3832 adeo
967 3779 1142 3846 distinguatur
1170 3795 1191 3838 a

83 3859 109 3912 A
149 3855 155 3868 '
175 3863 262 3926 potest
277 3853 399 3920 vegetius
423 3850 456 3903 de
476 3849 504 3902 ro
522 3849 601 3902 milit.
668 3847 785 3900 colonica
802 3845 915 3915 legione,
932 3844 965 3898 de
982 3863 1031 3916 qua
1048 3865 1070 3898 c.
1088 3861 1126 3912 ις.
1144 3845 1187 3898 Μ.

1 3951 2 3954 “
83 3942 119 3979 2.
146 3937 191 3982 ιι,
215 3919 262 3973 nbi
279 3918 407 3990 legionem
423 3917 491 3970 dicit
513 3911 602 3968 decom
669 3911 757 3966 Paullo
784 3912 860 3964 aliter
887 3913 1021 3964 vernacula
1052 3913 1188 3963 multitudo

82 3988 203 4043 cobortes
220 3985 442 4055 baberezprimas
453 3981 602 4035 Tribunum
669 3979 738 4051 apud
763 3979 884 4032 Tacitum
908 3981 980 4034 Anu.
1005 3995 1040 4040 r,
1060 3977 1101 4030 31.
1125 3979 1192 4029 eon-⁸

83 4069 217 4128 praeesse3
234 4052 346 4124 reliquus
364 4070 378 4104 a
395 4049 536 4110 Tribunis,
560 4047 604 4101 rel
668 4055 740 4099 stans
757 4065 771 4098 c
788 4047 890 4107 remis,
905 4045 1036 4098 libertinis
1053 4053 1081 4098 et
1096 4041 1190 4098 simili·

81 4141 99 4175 a
119 4121 276 4191 Praepositis
299 4119 358 4191 regi.
372 4119 410 4170 M.
427 4117 548 4187 vegetius
566 4133 602 4176 a,
668 4111 726 4166 bus.
743 4113 806 4166 idox
824 4111 870 4164 ab'i
887 4113 1041 4190 udpellntur.
1069 4180 1073 4189 Ι

81 4205 107 4255 7.
119 4187 188 4242 clara
199 4187 262 4240 disti
316 4187 339 4238 it
350 4187 474 4238 Tribunos
491 4188 602 4234 maiores
699 4179 832 4247 Hispalim
849 4177 904 4232 Abi
921 4184 949 4231 in
965 4179 1018 4231 Ha
1036 4176 1099 4228 altra
1188 4213 1191 4220 .

80 4254 257 4308 andoarium.
316 4251 538 4304 donatoriam
551 4249 603 4314 ire«¹
698 4197 1046 4299 warenna.vid.1n‹td1

155 4331 194 4374 tar
211 4327 363 4388 comparent
378 4320 407 4372 in
417 4315 556 4390 lapidibus.
568 4315 604 4378 ll.¹
700 4305 825 4390 Italicam.
841 4311 898 4390 ¹De
915 4311 963 4365 boc
979 4328 1003 4364 v.
1020 4308 1135 4364 Wcsscl.
1152 4309 1188 4365 ad

98 4389 193 4444 'rutcri
209 4385 334 4438 Indicam.
666 4377 799 4436 Antonini
816 4387 903 4430 rtrner.
923 4397 950 4449 p.
964 4375 1020 4442 413.

1 4507 2 4514 ,
115 4455 163 4510 riti
182 4453 312 4508 commum
326 4463 450 4522 capturos.
481 4449 600 4506 Cieouou.
699 4444 922 4518 garumna.
939 4443 998 4500 lud.
1016 4443 1055 4502 Μ.
1131 4507 1134 4516 Ι
1188 4495 1192 4505 ,

1358 3970 1365 4006 l
