<?xml version="1.0" encoding="UTF-8"?>
<!DOCTYPE html PUBLIC "-//W3C//DTD XHTML 1.0 Transitional//EN"
    "http://www.w3.org/TR/xhtml1/DTD/xhtml1-transitional.dtd">
<html xmlns="http://www.w3.org/1999/xhtml" xml:lang="en" lang="en">
 <head>
  <title>
</title>
<meta http-equiv="Content-Type" content="text/html;charset=utf-8" />
  <meta name='ocr-system' content='tesseract 3.04.00' />
  <meta name='ocr-capabilities' content='ocr_page ocr_carea ocr_par ocr_line ocrx_word'/>
</head>
<body>
  <div class='ocr_page' id='page_1' title='image "./ciuliicaesarisc00cellgoog_0267.png"; bbox 0 0 3000 5268; ppageno 0'>
   <div class='ocr_carea' id='block_1_1' title="bbox 362 297 1167 392">
    <p class='ocr_par' dir='ltr' id='par_1_1' title="bbox 362 297 1167 392">
     <span class='ocr_line' id='line_1_1' title="bbox 362 297 1167 392; baseline 0.001 -2"><span class='ocrx_word' id='word_1_1' title='bbox 362 330 441 390; x_wconf 84' lang='lat' dir='ltr'>uu.</span> <span class='ocrx_word' id='word_1_2' title='bbox 478 331 532 391; x_wconf 85' lang='lat' dir='ltr'>u.</span> <span class='ocrx_word' id='word_1_3' title='bbox 566 331 658 392; x_wconf 77' lang='lat' dir='ltr'>cnr.</span> <span class='ocrx_word' id='word_1_4' title='bbox 696 297 872 392; x_wconf 75' lang='lat'>31-33.</span> <span class='ocrx_word' id='word_1_5' title='bbox 1070 299 1167 392; x_wconf 80' lang='lat'>223</span> 
     </span>
    </p>
   </div>
   <div class='ocr_carea' id='block_1_2' title="bbox 20 521 1175 2814">
    <p class='ocr_par' dir='ltr' id='par_1_2' title="bbox 20 521 1215 2126">
     <span class='ocr_line' id='line_1_2' title="bbox 70 521 1169 633; baseline 0.002 -27"><span class='ocrx_word' id='word_1_6' title='bbox 70 533 174 608; x_wconf 80' lang='lat' dir='ltr'>itione</span> <span class='ocrx_word' id='word_1_7' title='bbox 200 531 457 630; x_wconf 87' lang='lat' dir='ltr'>captivorum,</span> <span class='ocrx_word' id='word_1_8' title='bbox 483 532 514 604; x_wconf 87' lang='lat' dir='ltr'>si</span> <span class='ocrx_word' id='word_1_9' title='bbox 543 533 605 630; x_wconf 93' lang='lat' dir='ltr'>qui</span> <span class='ocrx_word' id='word_1_10' title='bbox 635 531 681 606; x_wconf 85' lang='lat' dir='ltr'>ad</span> <span class='ocrx_word' id='word_1_11' title='bbox 708 557 771 605; x_wconf 88' lang='lat' dir='ltr'>eos</span> <span class='ocrx_word' id='word_1_12' title='bbox 788 521 981 606; x_wconf 84' lang='lat' dir='ltr'>Eburones</span> <span class='ocrx_word' id='word_1_13' title='bbox 1008 555 1054 604; x_wconf 84' lang='lat' dir='ltr'>ex</span> <span class='ocrx_word' id='word_1_14' title='bbox 1080 531 1169 633; x_wconf 84' lang='lat' dir='ltr'>suga</span> 
     </span>
     <span class='ocr_line' id='line_1_3' title="bbox 69 641 1172 744; baseline 0.003 -27"><span class='ocrx_word' id='word_1_15' title='bbox 69 645 335 735; x_wconf 88' lang='lat' dir='ltr'>convenissent,</span> <span class='ocrx_word' id='word_1_16' title='bbox 362 646 408 718; x_wconf 86' lang='lat' dir='ltr'>ad</span> <span class='ocrx_word' id='word_1_17' title='bbox 438 671 477 718; x_wconf 90' lang='lat' dir='ltr'>se</span> <span class='ocrx_word' id='word_1_18' title='bbox 506 651 548 720; x_wconf 89' lang='lat' dir='ltr'>ut</span> <span class='ocrx_word' id='word_1_19' title='bbox 578 641 866 736; x_wconf 66' lang='lat' dir='ltr'>reducerentur,</span> <span class='ocrx_word' id='word_1_20' title='bbox 891 647 1114 744; x_wconf 73' lang='lat' dir='ltr'>imperavitt</span> <span class='ocrx_word' id='word_1_21' title='bbox 1140 647 1172 720; x_wconf 88' lang='lat' dir='ltr'>si</span> 
     </span>
     <span class='ocr_line' id='line_1_4' title="bbox 67 759 1172 862; baseline 0.006 -31"><span class='ocrx_word' id='word_1_22' title='bbox 67 761 114 832; x_wconf 86' lang='lat' dir='ltr'>ita</span> <span class='ocrx_word' id='word_1_23' title='bbox 148 759 339 851; x_wconf 75' lang='lat' dir='ltr'><strong>fecissent,</strong></span> <span class='ocrx_word' id='word_1_24' title='bbox 374 761 464 834; x_wconf 87' lang='lat' dir='ltr'>fines</span> <span class='ocrx_word' id='word_1_25' title='bbox 500 787 628 836; x_wconf 89' lang='lat' dir='ltr'>eorum</span> <span class='ocrx_word' id='word_1_26' title='bbox 665 789 702 836; x_wconf 92' lang='lat' dir='ltr'>se</span> <span class='ocrx_word' id='word_1_27' title='bbox 739 762 967 836; x_wconf 87' lang='lat' dir='ltr'>violaturum</span> <span class='ocrx_word' id='word_1_28' title='bbox 1006 764 1172 862; x_wconf 83' lang='lat' dir='ltr'>negavit.</span> 
     </span>
     <span class='ocr_line' id='line_1_5' title="bbox 20 875 1175 974; baseline 0.004 -29"><span class='ocrx_word' id='word_1_29' title='bbox 20 913 23 924; x_wconf 30' lang='grc' dir='ltr'>ι</span> <span class='ocrx_word' id='word_1_30' title='bbox 68 876 157 946; x_wconf 86' lang='grc' dir='ltr'>Τιιιιι</span> <span class='ocrx_word' id='word_1_31' title='bbox 189 878 303 974; x_wconf 91' lang='lat' dir='ltr'>copiis</span> <span class='ocrx_word' id='word_1_32' title='bbox 335 875 374 947; x_wconf 94' lang='lat' dir='ltr'>in</span> <span class='ocrx_word' id='word_1_33' title='bbox 405 878 472 949; x_wconf 85' lang='lat' dir='ltr'>tris</span> <span class='ocrx_word' id='word_1_34' title='bbox 504 885 632 974; x_wconf 88' lang='lat' dir='ltr'>partes</span> <span class='ocrx_word' id='word_1_35' title='bbox 666 877 896 966; x_wconf 74' lang='lat' dir='ltr'>distributis,</span> <span class='ocrx_word' id='word_1_36' title='bbox 921 876 1175 974; x_wconf 87' lang='lat' dir='ltr'>inpedimenta</span> 
     </span>
     <span class='ocr_line' id='line_1_6' title="bbox 68 991 1168 1091; baseline 0.005 -31"><span class='ocrx_word' id='word_1_37' title='bbox 68 991 221 1062; x_wconf 90' lang='lat' dir='ltr'>omnium</span> <span class='ocrx_word' id='word_1_38' title='bbox 248 991 436 1091; x_wconf 85' lang='lat' dir='ltr'>legionum</span> <span class='ocrx_word' id='word_1_39' title='bbox 464 993 702 1066; x_wconf 79' lang='lat' dir='ltr'>Aduatucam</span> <span class='ocrx_word' id='word_1_40' title='bbox 731 993 905 1066; x_wconf 84' lang='lat' dir='ltr'>contulit.</span> <span class='ocrx_word' id='word_1_41' title='bbox 957 993 999 1064; x_wconf 93' lang='lat' dir='ltr'>ld</span> <span class='ocrx_word' id='word_1_42' title='bbox 1026 994 1168 1066; x_wconf 79' lang='lat' dir='ltr'>castelli</span> 
     </span>
     <span class='ocr_line' id='line_1_7' title="bbox 66 1091 1172 1182; baseline 0.003 -4"><span class='ocrx_word' id='word_1_43' title='bbox 66 1131 190 1180; x_wconf 92' lang='lat' dir='ltr'>nomen</span> <span class='ocrx_word' id='word_1_44' title='bbox 217 1114 284 1180; x_wconf 87' lang='lat' dir='ltr'>est.</span> <span class='ocrx_word' id='word_1_45' title='bbox 319 1110 403 1181; x_wconf 89' lang='lat' dir='ltr'>Hoc</span> <span class='ocrx_word' id='word_1_46' title='bbox 431 1107 507 1182; x_wconf 84' lang='lat' dir='ltr'>fere</span> <span class='ocrx_word' id='word_1_47' title='bbox 535 1109 654 1180; x_wconf 87' lang='lat' dir='ltr'>estin</span> <span class='ocrx_word' id='word_1_48' title='bbox 683 1091 812 1181; x_wconf 85' lang='lat' dir='ltr'>mediis</span> <span class='ocrx_word' id='word_1_49' title='bbox 839 1109 1058 1182; x_wconf 83' lang='lat' dir='ltr'>Eburonum</span> <span class='ocrx_word' id='word_1_50' title='bbox 1085 1109 1172 1181; x_wconf 90' lang='lat' dir='ltr'>fini-</span> 
     </span>
     <span class='ocr_line' id='line_1_8' title="bbox 68 1222 1173 1321; baseline 0.002 -25"><span class='ocrx_word' id='word_1_51' title='bbox 68 1224 146 1314; x_wconf 88' lang='lat' dir='ltr'>bus,</span> <span class='ocrx_word' id='word_1_52' title='bbox 161 1225 222 1296; x_wconf 82' lang='lat' dir='ltr'>ubi</span> <span class='ocrx_word' id='word_1_53' title='bbox 235 1225 405 1298; x_wconf 87' lang='lat' dir='ltr'>Titurius</span> <span class='ocrx_word' id='word_1_54' title='bbox 420 1229 533 1321; x_wconf 89' lang='lat' dir='ltr'>atque</span> <span class='ocrx_word' id='word_1_55' title='bbox 548 1222 825 1296; x_wconf 81' lang='lat' dir='ltr'>Aurunculeius</span> <span class='ocrx_word' id='word_1_56' title='bbox 840 1224 1025 1298; x_wconf 88' lang='lat' dir='ltr'>hiemandi</span> <span class='ocrx_word' id='word_1_57' title='bbox 1042 1250 1173 1298; x_wconf 79' lang='lat' dir='ltr'>caussa</span> 
     </span>
     <span class='ocr_line' id='line_1_9' title="bbox 39 1337 1173 1436; baseline 0.004 -31"><span class='ocrx_word' id='word_1_58' title='bbox 39 1337 313 1412; x_wconf 73' lang='lat' dir='ltr'>,consederant</span> <span class='ocrx_word' id='word_1_59' title='bbox 338 1341 449 1412; x_wconf 90' lang='lat' dir='ltr'>Hunc</span> <span class='ocrx_word' id='word_1_60' title='bbox 477 1337 771 1436; x_wconf 80' lang='lat' dir='ltr'>quum&#39;reliquis</span> <span class='ocrx_word' id='word_1_61' title='bbox 798 1337 908 1410; x_wconf 90' lang='lat' dir='ltr'>rebus</span> <span class='ocrx_word' id='word_1_62' title='bbox 935 1337 1061 1410; x_wconf 92' lang='lat' dir='ltr'>locum</span> <span class='ocrx_word' id='word_1_63' title='bbox 1089 1363 1173 1435; x_wconf 90' lang='lat' dir='ltr'>pro·</span> 
     </span>
     <span class='ocr_line' id='line_1_10' title="bbox 68 1449 1171 1552; baseline 0.002 -30"><span class='ocrx_word' id='word_1_64' title='bbox 68 1449 191 1542; x_wconf 87' lang='lat' dir='ltr'>babat,</span> <span class='ocrx_word' id='word_1_65' title='bbox 217 1461 298 1543; x_wconf 78' lang='lat' dir='ltr'>tum</span> <span class='ocrx_word' id='word_1_66' title='bbox 319 1451 419 1551; x_wconf 89' lang='lat' dir='ltr'>quod</span> <span class='ocrx_word' id='word_1_67' title='bbox 441 1453 640 1552; x_wconf 86' lang='lat' dir='ltr'>superioris</span> <span class='ocrx_word' id='word_1_68' title='bbox 658 1453 742 1524; x_wconf 75' lang='lat' dir='ltr'>atini</span> <span class='ocrx_word' id='word_1_69' title='bbox 762 1453 986 1525; x_wconf 86' lang='lat' dir='ltr'>munitiones</span> <span class='ocrx_word' id='word_1_70' title='bbox 1006 1453 1171 1550; x_wconf 84' lang='lat' dir='ltr'>integrae</span> 
     </span>
     <span class='ocr_line' id='line_1_11' title="bbox 68 1565 1171 1656; baseline 0.003 -21"><span class='ocrx_word' id='word_1_71' title='bbox 68 1567 275 1656; x_wconf 88' lang='lat' dir='ltr'>manebant,</span> <span class='ocrx_word' id='word_1_72' title='bbox 295 1572 338 1640; x_wconf 89' lang='lat' dir='ltr'>ut</span> <span class='ocrx_word' id='word_1_73' title='bbox 357 1565 521 1639; x_wconf 90' lang='lat' dir='ltr'>militum</span> <span class='ocrx_word' id='word_1_74' title='bbox 548 1565 714 1640; x_wconf 88' lang='lat' dir='ltr'>laborem</span> <span class='ocrx_word' id='word_1_75' title='bbox 733 1565 957 1638; x_wconf 82' lang='lat' dir='ltr'>sublevaret.</span> <span class='ocrx_word' id='word_1_76' title='bbox 984 1565 1171 1638; x_wconf 83' lang='lat' dir='ltr'>Praesidio</span> 
     </span>
     <span class='ocr_line' id='line_1_12' title="bbox 66 1681 1171 1782; baseline 0.004 -30"><span class='ocrx_word' id='word_1_77' title='bbox 66 1682 316 1780; x_wconf 83' lang='lat' dir='ltr'>inpedimentis</span> <span class='ocrx_word' id='word_1_78' title='bbox 342 1683 527 1782; x_wconf 81' lang='lat' dir='ltr'>legionem</span> <span class='ocrx_word' id='word_1_79' title='bbox 564 1685 669 1756; x_wconf 92' lang='lat' dir='ltr'>Xllll</span> <span class='ocrx_word' id='word_1_80' title='bbox 701 1681 873 1780; x_wconf 89' lang='lat' dir='ltr'>reliquit,</span> <span class='ocrx_word' id='word_1_81' title='bbox 899 1707 1011 1754; x_wconf 89' lang='lat' dir='ltr'>unam</span> <span class='ocrx_word' id='word_1_82' title='bbox 1048 1706 1094 1752; x_wconf 84' lang='lat' dir='ltr'>ex</span> <span class='ocrx_word' id='word_1_83' title='bbox 1128 1684 1171 1756; x_wconf 90' lang='lat' dir='ltr'>iis</span> 
     </span>
     <span class='ocr_line' id='line_1_13' title="bbox 66 1795 1173 1896; baseline 0 -30"><span class='ocrx_word' id='word_1_84' title='bbox 66 1797 198 1884; x_wconf 86' lang='lat' dir='ltr'>tribus,</span> <span class='ocrx_word' id='word_1_85' title='bbox 225 1823 317 1895; x_wconf 91' lang='lat' dir='ltr'>quas</span> <span class='ocrx_word' id='word_1_86' title='bbox 344 1799 512 1896; x_wconf 86' lang='lat' dir='ltr'>proxime</span> <span class='ocrx_word' id='word_1_87' title='bbox 540 1799 767 1895; x_wconf 83' lang='lat' dir='ltr'>conscriptas</span> <span class='ocrx_word' id='word_1_88' title='bbox 795 1821 841 1870; x_wconf 87' lang='lat' dir='ltr'>ex</span> <span class='ocrx_word' id='word_1_89' title='bbox 869 1795 974 1868; x_wconf 89' lang='lat' dir='ltr'>ltalia</span> <span class='ocrx_word' id='word_1_90' title='bbox 1001 1795 1173 1868; x_wconf 88' lang='lat' dir='ltr'>trausdu-</span> 
     </span>
     <span class='ocr_line' id='line_1_14' title="bbox 67 1913 1171 2014; baseline 0.002 -30"><span class='ocrx_word' id='word_1_91' title='bbox 67 1923 172 1988; x_wconf 84' lang='lat' dir='ltr'>xerat.</span> <span class='ocrx_word' id='word_1_92' title='bbox 204 1917 247 1988; x_wconf 87' lang='lat' dir='ltr'>Ei</span> <span class='ocrx_word' id='word_1_93' title='bbox 277 1914 411 2014; x_wconf 85' lang='lat' dir='ltr'>legioni</span> <span class='ocrx_word' id='word_1_94' title='bbox 439 1915 643 2012; x_wconf 86' lang='lat' dir='ltr'>castrisque.</span> <span class='ocrx_word' id='word_1_95' title='bbox 677 1917 723 2006; x_wconf 88' lang='lat' dir='ltr'>Q.</span> <span class='ocrx_word' id='word_1_96' title='bbox 757 1913 922 1986; x_wconf 91' lang='lat' dir='ltr'>Tullium</span> <span class='ocrx_word' id='word_1_97' title='bbox 951 1914 1171 1988; x_wconf 85' lang='lat' dir='ltr'>Ciceronem</span> 
     </span>
     <span class='ocr_line' id='line_1_15' title="bbox 69 2027 895 2126; baseline 0.002 -28"><span class='ocrx_word' id='word_1_98' title='bbox 69 2027 224 2124; x_wconf 87' lang='lat' dir='ltr'>praeficit</span> <span class='ocrx_word' id='word_1_99' title='bbox 251 2029 505 2126; x_wconf 87' lang='lat' dir='ltr'>ducentosque</span> <span class='ocrx_word' id='word_1_100' title='bbox 534 2031 676 2126; x_wconf 87' lang='lat' dir='ltr'>equites</span> <span class='ocrx_word' id='word_1_101' title='bbox 703 2027 895 2101; x_wconf 88' lang='lat' dir='ltr'>adtribuit.</span> 
     </span>
    </p>

    <p class='ocr_par' dir='ltr' id='par_1_3' title="bbox 66 2141 1173 2814">
     <span class='ocr_line' id='line_1_16' title="bbox 110 2141 1172 2240; baseline -0.002 -26"><span class='ocrx_word' id='word_1_102' title='bbox 110 2143 165 2214; x_wconf 83' lang='lat'>33.</span> <span class='ocrx_word' id='word_1_103' title='bbox 190 2143 336 2216; x_wconf 88' lang='lat' dir='ltr'>Partito</span> <span class='ocrx_word' id='word_1_104' title='bbox 369 2145 554 2232; x_wconf 83' lang='lat' dir='ltr'>exercitu,</span> <span class='ocrx_word' id='word_1_105' title='bbox 581 2145 626 2215; x_wconf 89' lang='lat' dir='ltr'>T.</span> <span class='ocrx_word' id='word_1_106' title='bbox 651 2144 860 2214; x_wconf 86' lang='lat' dir='ltr'>Labienum</span> <span class='ocrx_word' id='word_1_107' title='bbox 894 2167 982 2215; x_wconf 92' lang='lat' dir='ltr'>cum</span> <span class='ocrx_word' id='word_1_108' title='bbox 1012 2141 1172 2240; x_wconf 78' lang='lat' dir='ltr'>legioni-</span> 
     </span>
     <span class='ocr_line' id='line_1_17' title="bbox 66 2253 1171 2353; baseline 0.003 -29"><span class='ocrx_word' id='word_1_109' title='bbox 66 2253 126 2328; x_wconf 92' lang='lat' dir='ltr'>bus</span> <span class='ocrx_word' id='word_1_110' title='bbox 151 2259 269 2330; x_wconf 89' lang='lat' dir='ltr'>tribus</span> <span class='ocrx_word' id='word_1_111' title='bbox 297 2257 342 2330; x_wconf 91' lang='lat' dir='ltr'>ad</span> <span class='ocrx_word' id='word_1_112' title='bbox 372 2259 568 2330; x_wconf 83' lang='lat' dir='ltr'>Oceanum</span> <span class='ocrx_word' id='word_1_113' title='bbox 593 2281 722 2330; x_wconf 84' lang='lat' dir='ltr'>versus</span> <span class='ocrx_word' id='word_1_114' title='bbox 748 2259 786 2329; x_wconf 92' lang='lat' dir='ltr'>iu</span> <span class='ocrx_word' id='word_1_115' title='bbox 814 2281 875 2328; x_wconf 89' lang='lat' dir='ltr'>eas</span> <span class='ocrx_word' id='word_1_116' title='bbox 902 2263 1047 2353; x_wconf 87' lang='lat' dir='ltr'>partes,</span> <span class='ocrx_word' id='word_1_117' title='bbox 1073 2279 1171 2350; x_wconf 90' lang='lat' dir='ltr'>quae</span> 
     </span>
     <span class='ocr_line' id='line_1_18' title="bbox 67 2369 1168 2470; baseline 0.003 -33"><span class='ocrx_word' id='word_1_118' title='bbox 67 2369 244 2470; x_wconf 84' lang='lat' dir='ltr'>Menapios</span> <span class='ocrx_word' id='word_1_119' title='bbox 272 2371 489 2469; x_wconf 83' lang='lat' dir='ltr'>adtingunt,</span> <span class='ocrx_word' id='word_1_120' title='bbox 516 2371 698 2470; x_wconf 85' lang='lat' dir='ltr'>proficisci</span> <span class='ocrx_word' id='word_1_121' title='bbox 725 2371 849 2445; x_wconf 88' lang='lat' dir='ltr'>iubet:</span> <span class='ocrx_word' id='word_1_122' title='bbox 873 2373 915 2443; x_wconf 92' lang='lat' dir='ltr'>C.</span> <span class='ocrx_word' id='word_1_123' title='bbox 938 2369 1168 2442; x_wconf 85' lang='lat' dir='ltr'>Trebonium</span> 
     </span>
     <span class='ocr_line' id='line_1_19' title="bbox 68 2485 1171 2588; baseline 0.005 -35"><span class='ocrx_word' id='word_1_124' title='bbox 68 2489 236 2583; x_wconf 88' lang='lat' dir='ltr'>compari</span> <span class='ocrx_word' id='word_1_125' title='bbox 257 2486 445 2585; x_wconf 82' lang='lat' dir='ltr'>legionum</span> <span class='ocrx_word' id='word_1_126' title='bbox 466 2511 621 2560; x_wconf 87' lang='lat' dir='ltr'>numero</span> <span class='ocrx_word' id='word_1_127' title='bbox 648 2485 693 2560; x_wconf 91' lang='lat' dir='ltr'>ad</span> <span class='ocrx_word' id='word_1_128' title='bbox 721 2512 805 2560; x_wconf 90' lang='lat' dir='ltr'>eam</span> <span class='ocrx_word' id='word_1_129' title='bbox 831 2487 1043 2588; x_wconf 84' lang='lat' dir='ltr'>regionem,</span> <span class='ocrx_word' id='word_1_130' title='bbox 1072 2507 1171 2583; x_wconf 87' lang='lat' dir='ltr'>quae</span> 
     </span>
     <span class='ocr_line' id='line_1_20' title="bbox 67 2599 1169 2700; baseline 0.001 -31"><span class='ocrx_word' id='word_1_131' title='bbox 67 2599 261 2674; x_wconf 78' lang='lat' dir='ltr'>Aduatucis</span> <span class='ocrx_word' id='word_1_132' title='bbox 288 2601 453 2689; x_wconf 88' lang='lat' dir='ltr'>adiacet,</span> <span class='ocrx_word' id='word_1_133' title='bbox 480 2599 775 2700; x_wconf 88' lang='lat' dir='ltr'>depopulandam</span> <span class='ocrx_word' id='word_1_134' title='bbox 809 2601 948 2674; x_wconf 87' lang='lat' dir='ltr'>mittit:</span> <span class='ocrx_word' id='word_1_135' title='bbox 975 2601 1052 2698; x_wconf 89' lang='lat' dir='ltr'>ipse</span> <span class='ocrx_word' id='word_1_136' title='bbox 1079 2623 1169 2671; x_wconf 91' lang='lat' dir='ltr'>cum</span> 
     </span>
     <span class='ocr_line' id='line_1_21' title="bbox 66 2711 1173 2814; baseline 0.004 -32"><span class='ocrx_word' id='word_1_137' title='bbox 66 2711 204 2810; x_wconf 89' lang='lat' dir='ltr'>reliquis</span> <span class='ocrx_word' id='word_1_138' title='bbox 230 2715 352 2788; x_wconf 88' lang='lat' dir='ltr'>tribus</span> <span class='ocrx_word' id='word_1_139' title='bbox 384 2713 430 2787; x_wconf 90' lang='lat' dir='ltr'>ad</span> <span class='ocrx_word' id='word_1_140' title='bbox 461 2713 600 2790; x_wconf 85' lang='lat' dir='ltr'>flumen</span> <span class='ocrx_word' id='word_1_141' title='bbox 632 2716 825 2808; x_wconf 87' lang='lat' dir='ltr'>Scaldem,</span> <span class='ocrx_word' id='word_1_142' title='bbox 851 2713 953 2814; x_wconf 93' lang='lat' dir='ltr'>quod</span> <span class='ocrx_word' id='word_1_143' title='bbox 978 2711 1103 2788; x_wconf 89' lang='lat' dir='ltr'>influit</span> <span class='ocrx_word' id='word_1_144' title='bbox 1134 2715 1173 2786; x_wconf 91' lang='lat' dir='ltr'>in</span> 
     </span>
    </p>
   </div>
   <div class='ocr_carea' id='block_1_3' title="bbox 647 3007 1183 3150">
    <p class='ocr_par' dir='ltr' id='par_1_4' title="bbox 647 3007 1183 3150">
     <span class='ocr_line' id='line_1_22' title="bbox 648 3007 1172 3068; baseline -0.004 -2"><span class='ocrx_word' id='word_1_145' title='bbox 648 3022 722 3067; x_wconf 83' lang='lat' dir='ltr'>trans</span> <span class='ocrx_word' id='word_1_146' title='bbox 732 3015 834 3068; x_wconf 76' lang='lat' dir='ltr'>Mosam</span> <span class='ocrx_word' id='word_1_147' title='bbox 848 3015 918 3066; x_wconf 85' lang='lat' dir='ltr'>inter</span> <span class='ocrx_word' id='word_1_148' title='bbox 929 3013 998 3066; x_wconf 89' lang='lat' dir='ltr'>bunc</span> <span class='ocrx_word' id='word_1_149' title='bbox 1006 3021 1033 3066; x_wconf 87' lang='lat' dir='ltr'>ct</span> <span class='ocrx_word' id='word_1_150' title='bbox 1042 3007 1172 3064; x_wconf 79' lang='lat' dir='ltr'>ltlrc&#39;unm.</span> 
     </span>
     <span class='ocr_line' id='line_1_23' title="bbox 647 3079 1183 3150; baseline -0.007 -16"><span class='ocrx_word' id='word_1_151' title='bbox 647 3081 742 3134; x_wconf 80' lang='lat' dir='ltr'>antcr</span> <span class='ocrx_word' id='word_1_152' title='bbox 767 3084 796 3132; x_wconf 92' lang='lat' dir='ltr'>in</span> <span class='ocrx_word' id='word_1_153' title='bbox 822 3079 911 3134; x_wconf 84' lang='lat' dir='ltr'>Gloss.</span> <span class='ocrx_word' id='word_1_154' title='bbox 939 3082 1023 3150; x_wconf 80' lang='lat' dir='ltr'>antiq.</span> <span class='ocrx_word' id='word_1_155' title='bbox 1053 3079 1183 3131; x_wconf 84' lang='lat' dir='ltr'>Britanu.&#39;</span> 
     </span>
    </p>
   </div>
   <div class='ocr_carea' id='block_1_4' title="bbox 66 3009 581 3132">
    <p class='ocr_par' dir='ltr' id='par_1_5' title="bbox 66 3009 581 3132">
     <span class='ocr_line' id='line_1_24' title="bbox 94 3009 581 3066; baseline 0.01 -5"><span class='ocrx_word' id='word_1_156' title='bbox 94 3011 255 3064; x_wconf 79' lang='lat' dir='ltr'>Aduatucam.</span> <span class='ocrx_word' id='word_1_157' title='bbox 295 3009 399 3064; x_wconf 86' lang='lat' dir='ltr'>Nomou</span> <span class='ocrx_word' id='word_1_158' title='bbox 426 3011 454 3063; x_wconf 91' lang='lat' dir='ltr'>id</span> <span class='ocrx_word' id='word_1_159' title='bbox 479 3011 581 3066; x_wconf 81' lang='lat' dir='ltr'>castelli</span> 
     </span>
     <span class='ocr_line' id='line_1_25' title="bbox 66 3073 580 3132; baseline 0.012 -6"><span class='ocrx_word' id='word_1_160' title='bbox 66 3073 162 3129; x_wconf 64' lang='lat' dir='ltr'>divisim</span> <span class='ocrx_word' id='word_1_161' title='bbox 187 3081 220 3130; x_wconf 89' lang='lat' dir='ltr'>ad</span> <span class='ocrx_word' id='word_1_162' title='bbox 246 3079 374 3130; x_wconf 86' lang='lat' dir='ltr'>Vatucum</span> <span class='ocrx_word' id='word_1_163' title='bbox 403 3079 526 3132; x_wconf 85' lang='lat' dir='ltr'>scribitur</span> <span class='ocrx_word' id='word_1_164' title='bbox 551 3082 580 3132; x_wconf 88' lang='lat' dir='ltr'>in</span> 
     </span>
    </p>
   </div>
   <div class='ocr_carea' id='block_1_5' title="bbox 64 3145 581 4432">
    <p class='ocr_par' dir='ltr' id='par_1_6' title="bbox 64 3145 581 4432">
     <span class='ocr_line' id='line_1_26' title="bbox 65 3145 581 3216; baseline 0.008 -23"><span class='ocrx_word' id='word_1_165' title='bbox 65 3145 131 3196; x_wconf 82' lang='lat' dir='ltr'>codd.</span> <span class='ocrx_word' id='word_1_166' title='bbox 149 3156 174 3197; x_wconf 83' lang='lat' dir='ltr'>ct</span> <span class='ocrx_word' id='word_1_167' title='bbox 190 3145 251 3198; x_wconf 87' lang='lat' dir='ltr'>edd.</span> <span class='ocrx_word' id='word_1_168' title='bbox 269 3155 330 3197; x_wconf 86' lang='lat' dir='ltr'>vett.</span> <span class='ocrx_word' id='word_1_169' title='bbox 351 3147 462 3198; x_wconf 87' lang='lat' dir='ltr'>luuctim</span> <span class='ocrx_word' id='word_1_170' title='bbox 477 3147 504 3200; x_wconf 89' lang='lat' dir='ltr'>id</span> <span class='ocrx_word' id='word_1_171' title='bbox 517 3147 581 3216; x_wconf 81' lang='lat' dir='ltr'>legit</span> 
     </span>
     <span class='ocr_line' id='line_1_27' title="bbox 65 3207 581 3284; baseline 0.016 -25"><span class='ocrx_word' id='word_1_172' title='bbox 65 3207 173 3265; x_wconf 80' lang='lat' dir='ltr'>Valesius</span> <span class='ocrx_word' id='word_1_173' title='bbox 193 3217 221 3266; x_wconf 92' lang='lat' dir='ltr'>in</span> <span class='ocrx_word' id='word_1_174' title='bbox 238 3213 303 3265; x_wconf 88' lang='lat' dir='ltr'>Not.</span> <span class='ocrx_word' id='word_1_175' title='bbox 316 3213 385 3266; x_wconf 88' lang='lat' dir='ltr'>Gall.</span> <span class='ocrx_word' id='word_1_176' title='bbox 419 3218 495 3265; x_wconf 53' lang='lat' dir='ltr'>Ast.</span> <span class='ocrx_word' id='word_1_177' title='bbox 509 3215 581 3284; x_wconf 92' lang='lat' dir='ltr'>qnod</span> 
     </span>
     <span class='ocr_line' id='line_1_28' title="bbox 65 3275 581 3352; baseline 0.014 -26"><span class='ocrx_word' id='word_1_178' title='bbox 65 3275 120 3328; x_wconf 82' lang='lat' dir='ltr'>inde</span> <span class='ocrx_word' id='word_1_179' title='bbox 131 3281 174 3333; x_wconf 90' lang='lat' dir='ltr'>alii</span> <span class='ocrx_word' id='word_1_180' title='bbox 186 3281 264 3350; x_wconf 80' lang='lat' dir='ltr'>vulgo</span> <span class='ocrx_word' id='word_1_181' title='bbox 277 3283 367 3334; x_wconf 85' lang='lat' dir='ltr'>secuti.</span> <span class='ocrx_word' id='word_1_182' title='bbox 417 3282 519 3352; x_wconf 71' lang='lat' dir='ltr'>inplicet</span> <span class='ocrx_word' id='word_1_183' title='bbox 531 3281 581 3334; x_wconf 88' lang='lat' dir='ltr'>hcc</span> 
     </span>
     <span class='ocr_line' id='line_1_29' title="bbox 65 3346 579 3420; baseline 0.016 -28"><span class='ocrx_word' id='word_1_184' title='bbox 65 3346 202 3400; x_wconf 80' lang='lat' dir='ltr'>uirodocto</span> <span class='ocrx_word' id='word_1_185' title='bbox 221 3349 241 3398; x_wconf 93' lang='lat' dir='ltr'>l.</span> <span class='ocrx_word' id='word_1_186' title='bbox 261 3349 291 3400; x_wconf 87' lang='lat' dir='ltr'>C.</span> <span class='ocrx_word' id='word_1_187' title='bbox 309 3349 342 3400; x_wconf 88' lang='lat' dir='ltr'>H.</span> <span class='ocrx_word' id='word_1_188' title='bbox 361 3349 406 3420; x_wconf 87' lang='lat' dir='ltr'>qui</span> <span class='ocrx_word' id='word_1_189' title='bbox 425 3351 452 3400; x_wconf 90' lang='lat' dir='ltr'>in</span> <span class='ocrx_word' id='word_1_190' title='bbox 470 3349 579 3402; x_wconf 81' lang='lat' dir='ltr'>ltlisccll.</span> 
     </span>
     <span class='ocr_line' id='line_1_30' title="bbox 64 3408 580 3529; baseline 0.016 -70"><span class='ocrx_word' id='word_1_191' title='bbox 64 3408 220 3529; x_wconf 69' lang='lat' dir='ltr'>lupanaris</span> <span class='ocrx_word' id='word_1_192' title='bbox 244 3415 295 3468; x_wconf 85' lang='lat' dir='ltr'>vol.</span> <span class='ocrx_word' id='word_1_193' title='bbox 315 3415 338 3466; x_wconf 79' lang='lat'>3.</span> <span class='ocrx_word' id='word_1_194' title='bbox 357 3435 383 3484; x_wconf 86' lang='lat' dir='ltr'>p.</span> <span class='ocrx_word' id='word_1_195' title='bbox 402 3419 451 3468; x_wconf 80' lang='lat'>658</span> <span class='ocrx_word' id='word_1_196' title='bbox 476 3417 580 3468; x_wconf 78' lang='lat' dir='ltr'>restitui</span> 
     </span>
     <span class='ocr_line' id='line_1_31' title="bbox 66 3485 580 3553; baseline 0.014 -26"><span class='ocrx_word' id='word_1_197' title='bbox 66 3495 88 3528; x_wconf 89' lang='grc' dir='ltr'>ιιι</span> <span class='ocrx_word' id='word_1_198' title='bbox 100 3486 176 3534; x_wconf 78' lang='lat' dir='ltr'>ulad</span> <span class='ocrx_word' id='word_1_199' title='bbox 189 3485 325 3536; x_wconf 78' lang='lat' dir='ltr'>Vetucam.</span> <span class='ocrx_word' id='word_1_200' title='bbox 344 3485 467 3553; x_wconf 84' lang='lat' dir='ltr'>Sequitur</span> <span class='ocrx_word' id='word_1_201' title='bbox 493 3493 580 3536; x_wconf 83' lang='lat' dir='ltr'>nutem</span> 
     </span>
     <span class='ocr_line' id='line_1_32' title="bbox 66 3544 579 3604; baseline 0.012 -10"><span class='ocrx_word' id='word_1_202' title='bbox 66 3544 209 3602; x_wconf 83' lang='lat' dir='ltr'>Fullonium</span> <span class='ocrx_word' id='word_1_203' title='bbox 227 3553 256 3604; x_wconf 88' lang='lat' dir='ltr'>in</span> <span class='ocrx_word' id='word_1_204' title='bbox 274 3551 342 3602; x_wconf 87' lang='lat' dir='ltr'>Hist.</span> <span class='ocrx_word' id='word_1_205' title='bbox 361 3551 502 3602; x_wconf 85' lang='lat' dir='ltr'>Leodiensi</span> <span class='ocrx_word' id='word_1_206' title='bbox 521 3561 540 3602; x_wconf 87' lang='lat' dir='ltr'>t.</span> <span class='ocrx_word' id='word_1_207' title='bbox 559 3567 579 3600; x_wconf 91' lang='grc' dir='ltr'>ι.</span> 
     </span>
     <span class='ocr_line' id='line_1_33' title="bbox 67 3617 580 3697; baseline 0 -29"><span class='ocrx_word' id='word_1_208' title='bbox 67 3629 88 3679; x_wconf 76' lang='lat' dir='ltr'>p-</span> <span class='ocrx_word' id='word_1_209' title='bbox 100 3631 180 3697; x_wconf 70' lang='lat' dir='ltr'>ucap.</span> <span class='ocrx_word' id='word_1_210' title='bbox 191 3623 214 3671; x_wconf 88' lang='lat'>8.</span> <span class='ocrx_word' id='word_1_211' title='bbox 225 3638 250 3688; x_wconf 89' lang='lat' dir='ltr'>p.</span> <span class='ocrx_word' id='word_1_212' title='bbox 265 3635 301 3682; x_wconf 92' lang='lat'>¹7·</span> <span class='ocrx_word' id='word_1_213' title='bbox 321 3617 368 3669; x_wconf 91' lang='lat' dir='ltr'>ubi</span> <span class='ocrx_word' id='word_1_214' title='bbox 383 3619 533 3680; x_wconf 81' lang='lat' dir='ltr'>castellum,</span> <span class='ocrx_word' id='word_1_215' title='bbox 547 3618 580 3669; x_wconf 83' lang='lat' dir='ltr'>dc</span> 
     </span>
     <span class='ocr_line' id='line_1_34' title="bbox 66 3686 581 3756; baseline 0.014 -26"><span class='ocrx_word' id='word_1_216' title='bbox 66 3697 110 3747; x_wconf 85' lang='lat' dir='ltr'>qun</span> <span class='ocrx_word' id='word_1_217' title='bbox 125 3696 221 3752; x_wconf 77' lang='lat' dir='ltr'>agitur,</span> <span class='ocrx_word' id='word_1_218' title='bbox 234 3688 262 3736; x_wconf 90' lang='lat' dir='ltr'>in</span> <span class='ocrx_word' id='word_1_219' title='bbox 277 3686 393 3736; x_wconf 75' lang='lat' dir='ltr'>Castalia</span> <span class='ocrx_word' id='word_1_220' title='bbox 411 3705 458 3756; x_wconf 89' lang='lat' dir='ltr'>pro</span> <span class='ocrx_word' id='word_1_221' title='bbox 470 3705 492 3737; x_wconf 74' lang='lat' dir='ltr'>ru</span> <span class='ocrx_word' id='word_1_222' title='bbox 504 3686 581 3737; x_wconf 86' lang='lat' dir='ltr'>Wit-</span> 
     </span>
     <span class='ocr_line' id='line_1_35' title="bbox 67 3705 581 3814; baseline 0.021 -20"><span class='ocrx_word' id='word_1_223' title='bbox 67 3752 177 3814; x_wconf 86' lang='lat' dir='ltr'>tcuuum,</span> <span class='ocrx_word' id='word_1_224' title='bbox 191 3753 342 3804; x_wconf 79' lang='lat' dir='ltr'>&#39;l&#39;ruiectum</span> <span class='ocrx_word' id='word_1_225' title='bbox 360 3754 429 3804; x_wconf 83' lang='lat' dir='ltr'>inter</span> <span class='ocrx_word' id='word_1_226' title='bbox 446 3705 535 3805; x_wconf 82' lang='lat' dir='ltr'>ltlosac</span> <span class='ocrx_word' id='word_1_227' title='bbox 553 3763 581 3805; x_wconf 88' lang='lat' dir='ltr'>ct</span> 
     </span>
     <span class='ocr_line' id='line_1_36' title="bbox 66 3813 580 3887; baseline 0.016 -23"><span class='ocrx_word' id='word_1_228' title='bbox 66 3813 246 3887; x_wconf 77' lang='lat' dir='ltr'>Aquispranum</span> <span class='ocrx_word' id='word_1_229' title='bbox 264 3820 328 3886; x_wconf 75' lang='lat' dir='ltr'>figit.</span> <span class='ocrx_word' id='word_1_230' title='bbox 347 3819 479 3874; x_wconf 81' lang='lat' dir='ltr'>Convenit</span> <span class='ocrx_word' id='word_1_231' title='bbox 490 3823 580 3873; x_wconf 86' lang='lat' dir='ltr'>statim</span> 
     </span>
     <span class='ocr_line' id='line_1_37' title="bbox 65 3885 580 3956; baseline 0.017 -25"><span class='ocrx_word' id='word_1_232' title='bbox 65 3895 152 3956; x_wconf 79' lang='lat' dir='ltr'>norrun</span> <span class='ocrx_word' id='word_1_233' title='bbox 169 3887 315 3948; x_wconf 64' lang='lat' dir='ltr'>assuetae,</span> <span class='ocrx_word' id='word_1_234' title='bbox 327 3885 388 3938; x_wconf 85' lang='lat' dir='ltr'>dein</span> <span class='ocrx_word' id='word_1_235' title='bbox 402 3889 469 3940; x_wconf 84' lang='lat' dir='ltr'>situs</span> <span class='ocrx_word' id='word_1_236' title='bbox 484 3891 511 3940; x_wconf 92' lang='lat' dir='ltr'>iu</span> <span class='ocrx_word' id='word_1_237' title='bbox 526 3908 580 3940; x_wconf 89' lang='lat' dir='ltr'>mc-</span> 
     </span>
     <span class='ocr_line' id='line_1_38' title="bbox 66 3945 581 4026; baseline 0.016 -26"><span class='ocrx_word' id='word_1_238' title='bbox 66 3945 110 4023; x_wconf 66' lang='lat' dir='ltr'>tltls</span> <span class='ocrx_word' id='word_1_239' title='bbox 125 3951 275 4006; x_wconf 87' lang='lat' dir='ltr'>Eburonum</span> <span class='ocrx_word' id='word_1_240' title='bbox 293 3953 404 4016; x_wconf 79' lang='lat' dir='ltr'>finibus,</span> <span class='ocrx_word' id='word_1_241' title='bbox 418 3974 527 4026; x_wconf 77' lang='lat' dir='ltr'>quonam</span> <span class='ocrx_word' id='word_1_242' title='bbox 544 3958 581 4008; x_wconf 90' lang='lat' dir='ltr'>ci-</span> 
     </span>
     <span class='ocr_line' id='line_1_39' title="bbox 66 4021 581 4092; baseline 0.014 -23"><span class='ocrx_word' id='word_1_243' title='bbox 66 4023 124 4069; x_wconf 74' lang='lat' dir='ltr'>tttas</span> <span class='ocrx_word' id='word_1_244' title='bbox 141 4025 248 4092; x_wconf 87' lang='lat' dir='ltr'>propior</span> <span class='ocrx_word' id='word_1_245' title='bbox 270 4021 362 4074; x_wconf 82' lang='lat' dir='ltr'>lllreun</span> <span class='ocrx_word' id='word_1_246' title='bbox 384 4023 487 4075; x_wconf 83' lang='lat' dir='ltr'>Mosam</span> <span class='ocrx_word' id='word_1_247' title='bbox 511 4026 581 4076; x_wconf 86' lang='lat' dir='ltr'>inter</span> 
     </span>
     <span class='ocr_line' id='line_1_40' title="bbox 66 4085 579 4160; baseline 0.016 -26"><span class='ocrx_word' id='word_1_248' title='bbox 66 4091 90 4130; x_wconf 79' lang='lat' dir='ltr'>tt</span> <span class='ocrx_word' id='word_1_249' title='bbox 111 4085 228 4141; x_wconf 82' lang='lat' dir='ltr'>lllrcnum</span> <span class='ocrx_word' id='word_1_250' title='bbox 254 4087 399 4142; x_wconf 80' lang='lat' dir='ltr'>habitabat.</span> <span class='ocrx_word' id='word_1_251' title='bbox 425 4091 467 4142; x_wconf 86' lang='lat' dir='ltr'>Ct.</span> <span class='ocrx_word' id='word_1_252' title='bbox 492 4096 520 4150; x_wconf 80' lang='lat'>5,</span> <span class='ocrx_word' id='word_1_253' title='bbox 538 4108 579 4160; x_wconf 83' lang='lat'>29.</span> 
     </span>
     <span class='ocr_line' id='line_1_41' title="bbox 66 4149 579 4226; baseline 0.004 -18"><span class='ocrx_word' id='word_1_254' title='bbox 66 4151 92 4208; x_wconf 64' lang='grc' dir='ltr'>ὅ,</span> <span class='ocrx_word' id='word_1_255' title='bbox 104 4149 142 4202; x_wconf 84' lang='grc'>35.</span> <span class='ocrx_word' id='word_1_256' title='bbox 153 4156 197 4208; x_wconf 84' lang='lat' dir='ltr'>sic</span> <span class='ocrx_word' id='word_1_257' title='bbox 208 4157 358 4216; x_wconf 69' lang='lat' dir='ltr'>Adiectura,</span> <span class='ocrx_word' id='word_1_258' title='bbox 370 4155 402 4210; x_wconf 82' lang='lat' dir='ltr'>de</span> <span class='ocrx_word' id='word_1_259' title='bbox 414 4177 465 4226; x_wconf 88' lang='lat' dir='ltr'>qna</span> <span class='ocrx_word' id='word_1_260' title='bbox 479 4161 579 4210; x_wconf 87' lang='lat' dir='ltr'>mentio</span> 
     </span>
     <span class='ocr_line' id='line_1_42' title="bbox 67 4224 580 4357; baseline 0.025 -25"><span class='ocrx_word' id='word_1_261' title='bbox 67 4224 580 4357; x_wconf 51' lang='lat' dir='ltr'>ueratumultuati</span> 
     </span>
     <span class='ocr_line' id='line_1_43' title="bbox 68 4343 580 4432; baseline 0.02 -28"><span class='ocrx_word' id='word_1_262' title='bbox 68 4343 183 4408; x_wconf 62' lang='lat' dir='ltr'>lituram</span> <span class='ocrx_word' id='word_1_263' title='bbox 199 4349 284 4420; x_wconf 78' lang='lat' dir='ltr'>dicus,</span> <span class='ocrx_word' id='word_1_264' title='bbox 302 4360 410 4429; x_wconf 75' lang='lat' dir='ltr'>period·</span> <span class='ocrx_word' id='word_1_265' title='bbox 427 4379 482 4417; x_wconf 76' lang='lat' dir='ltr'>otte</span> <span class='ocrx_word' id='word_1_266' title='bbox 501 4371 580 4432; x_wconf 85' lang='lat' dir='ltr'>puto,</span> 
     </span>
    </p>
   </div>
   <div class='ocr_carea' id='block_1_6' title="bbox 647 3147 1173 3478">
    <p class='ocr_par' dir='ltr' id='par_1_7' title="bbox 647 3147 1173 3278">
     <span class='ocr_line' id='line_1_44' title="bbox 648 3147 1173 3220; baseline 0.008 -22"><span class='ocrx_word' id='word_1_267' title='bbox 648 3168 676 3220; x_wconf 84' lang='lat' dir='ltr'>p.</span> <span class='ocrx_word' id='word_1_268' title='bbox 699 3165 751 3202; x_wconf 83' lang='lat'>122.</span> <span class='ocrx_word' id='word_1_269' title='bbox 771 3167 868 3220; x_wconf 82' lang='lat' dir='ltr'>nomeu</span> <span class='ocrx_word' id='word_1_270' title='bbox 886 3147 1015 3217; x_wconf 81' lang='lat' dir='ltr'>explicare</span> <span class='ocrx_word' id='word_1_271' title='bbox 1032 3148 1128 3216; x_wconf 74' lang='lat' dir='ltr'>satagit</span> <span class='ocrx_word' id='word_1_272' title='bbox 1143 3159 1173 3202; x_wconf 72' lang='lat' dir='ltr'>at</span> 
     </span>
     <span class='ocr_line' id='line_1_45' title="bbox 647 3213 1033 3278; baseline -0.013 -10"><span class='ocrx_word' id='word_1_273' title='bbox 647 3221 707 3268; x_wconf 76' lang='lat' dir='ltr'>utria</span> <span class='ocrx_word' id='word_1_274' title='bbox 723 3236 767 3278; x_wconf 82' lang='lat' dir='ltr'>au,</span> <span class='ocrx_word' id='word_1_275' title='bbox 786 3217 818 3267; x_wconf 87' lang='lat' dir='ltr'>ad</span> <span class='ocrx_word' id='word_1_276' title='bbox 837 3217 921 3267; x_wconf 79' lang='lat' dir='ltr'>fauces</span> <span class='ocrx_word' id='word_1_277' title='bbox 939 3213 1033 3266; x_wconf 75' lang='lat' dir='ltr'>raudus.</span> 
     </span>
    </p>

    <p class='ocr_par' dir='ltr' id='par_1_8' title="bbox 649 3281 1171 3478">
     <span class='ocr_line' id='line_1_46' title="bbox 684 3281 1169 3352; baseline -0.01 -16"><span class='ocrx_word' id='word_1_278' title='bbox 684 3285 768 3336; x_wconf 84' lang='lat' dir='ltr'>Titur.</span> <span class='ocrx_word' id='word_1_279' title='bbox 797 3295 874 3352; x_wconf 84' lang='lat' dir='ltr'>atquc</span> <span class='ocrx_word' id='word_1_280' title='bbox 898 3283 1011 3334; x_wconf 77' lang='lat' dir='ltr'>Aur-unc.</span> <span class='ocrx_word' id='word_1_281' title='bbox 1072 3281 1115 3334; x_wconf 87' lang='lat' dir='ltr'>Cs.</span> <span class='ocrx_word' id='word_1_282' title='bbox 1143 3286 1169 3347; x_wconf 77' lang='lat'>5,</span> 
     </span>
     <span class='ocr_line' id='line_1_47' title="bbox 649 3351 1171 3478; baseline 0 -10"><span class='ocrx_word' id='word_1_283' title='bbox 649 3351 847 3478; x_wconf 45' lang='lat' dir='ltr'>-tlm3nsspuglsss,</span> <span class='ocrx_word' id='word_1_284' title='bbox 876 3415 985 3468; x_wconf 84' lang='lat' dir='ltr'>hiberna</span> <span class='ocrx_word' id='word_1_285' title='bbox 1009 3419 1122 3468; x_wconf 83' lang='lat' dir='ltr'>munita.</span> <span class='ocrx_word' id='word_1_286' title='bbox 1145 3435 1171 3468; x_wconf 81' lang='lat' dir='ltr'>r.</span> 
     </span>
    </p>
   </div>
   <div class='ocr_carea' id='block_1_7' title="bbox 648 3481 1173 3554">
    <p class='ocr_par' dir='ltr' id='par_1_9' title="bbox 648 3481 1173 3554">
     <span class='ocr_line' id='line_1_48' title="bbox 648 3481 1173 3554; baseline 0.004 -20"><span class='ocrx_word' id='word_1_287' title='bbox 648 3483 713 3536; x_wconf 82' lang='lat' dir='ltr'>ibid.</span> <span class='ocrx_word' id='word_1_288' title='bbox 732 3485 803 3537; x_wconf 84' lang='lat' dir='ltr'>lnl&#39;ra</span> <span class='ocrx_word' id='word_1_289' title='bbox 819 3503 876 3554; x_wconf 86' lang='lat' dir='ltr'>cap.</span> <span class='ocrx_word' id='word_1_290' title='bbox 894 3481 926 3548; x_wconf 83' lang='lat'>37</span> <span class='ocrx_word' id='word_1_291' title='bbox 948 3483 1084 3536; x_wconf 66' lang='lat' dir='ltr'>catullum</span> <span class='ocrx_word' id='word_1_292' title='bbox 1103 3486 1173 3538; x_wconf 85' lang='lat' dir='ltr'>dicl-</span> 
     </span>
    </p>
   </div>
   <div class='ocr_carea' id='block_1_8' title="bbox 647 3553 1172 3823">
    <p class='ocr_par' dir='ltr' id='par_1_10' title="bbox 647 3553 1172 3823">
     <span class='ocr_line' id='line_1_49' title="bbox 647 3553 1171 3682; baseline -0.004 -10"><span class='ocrx_word' id='word_1_293' title='bbox 647 3553 831 3672; x_wconf 54' lang='lat' dir='ltr'>tmidellltthucir.</span> <span class='ocrx_word' id='word_1_294' title='bbox 882 3617 925 3670; x_wconf 78' lang='lat' dir='ltr'>Al.</span> <span class='ocrx_word' id='word_1_295' title='bbox 950 3617 986 3670; x_wconf 79' lang='lat' dir='ltr'>ad</span> <span class='ocrx_word' id='word_1_296' title='bbox 1010 3618 1171 3682; x_wconf 82' lang='lat' dir='ltr'>Aduatucos,</span> 
     </span>
     <span class='ocr_line' id='line_1_50' title="bbox 648 3687 886 3739; baseline -0.013 -1"><span class='ocrx_word' id='word_1_297' title='bbox 648 3687 713 3738; x_wconf 83' lang='lat' dir='ltr'>item</span> <span class='ocrx_word' id='word_1_298' title='bbox 729 3687 886 3739; x_wconf 81' lang='lat' dir='ltr'>Aduatucos.</span> 
     </span>
     <span class='ocr_line' id='line_1_51' title="bbox 680 3751 1172 3823; baseline -0.004 -19"><span class='ocrx_word' id='word_1_299' title='bbox 680 3755 806 3806; x_wconf 64' lang='lat' dir='ltr'>Statum.</span> <span class='ocrx_word' id='word_1_300' title='bbox 852 3753 986 3823; x_wconf 80' lang='lat' dir='ltr'>Interprea</span> <span class='ocrx_word' id='word_1_301' title='bbox 1010 3751 1057 3805; x_wconf 90' lang='lat' dir='ltr'>Gr.</span> <span class='ocrx_word' id='word_1_302' title='bbox 1082 3756 1172 3820; x_wconf 63' lang='grc' dir='ltr'>Σάβιι,</span> 
     </span>
    </p>
   </div>
   <div class='ocr_carea' id='block_1_9' title="bbox 647 3819 1171 3956">
    <p class='ocr_par' dir='ltr' id='par_1_11' title="bbox 647 3819 1171 3956">
     <span class='ocr_line' id='line_1_52' title="bbox 647 3819 1171 3956; baseline -0.004 -82"><span class='ocrx_word' id='word_1_303' title='bbox 647 3840 716 3874; x_wconf 91' lang='lat' dir='ltr'>nuuc</span> <span class='ocrx_word' id='word_1_304' title='bbox 734 3823 858 3874; x_wconf 79' lang='lat' dir='ltr'>Sambrc:</span> <span class='ocrx_word' id='word_1_305' title='bbox 878 3830 954 3956; x_wconf 52' lang='grc' dir='ltr'>ιιῑᾘιε</span> <span class='ocrx_word' id='word_1_306' title='bbox 979 3819 1016 3870; x_wconf 90' lang='lat' dir='ltr'>itu</span> <span class='ocrx_word' id='word_1_307' title='bbox 1033 3819 1171 3898; x_wconf 79' lang='lat' dir='ltr'>expeditae</span> 
     </span>
    </p>
   </div>
   <div class='ocr_carea' id='block_1_10' title="bbox 646 3885 1172 4354">
    <p class='ocr_par' dir='ltr' id='par_1_12' title="bbox 646 3885 1172 4354">
     <span class='ocr_line' id='line_1_53' title="bbox 647 3885 1172 3942; baseline -0.008 -2"><span class='ocrx_word' id='word_1_308' title='bbox 647 3891 762 3942; x_wconf 84' lang='lat' dir='ltr'>rationes</span> <span class='ocrx_word' id='word_1_309' title='bbox 786 3897 858 3941; x_wconf 85' lang='lat' dir='ltr'>suut.</span> <span class='ocrx_word' id='word_1_310' title='bbox 936 3888 962 3938; x_wconf 89' lang='lat' dir='ltr'>ul</span> <span class='ocrx_word' id='word_1_311' title='bbox 989 3885 1104 3940; x_wconf 78' lang='lat' dir='ltr'>Scaldim</span> <span class='ocrx_word' id='word_1_312' title='bbox 1130 3887 1172 3942; x_wconf 80' lang='lat' dir='ltr'>vel</span> 
     </span>
     <span class='ocr_line' id='line_1_54' title="bbox 647 3953 1172 4016; baseline -0.008 -6"><span class='ocrx_word' id='word_1_313' title='bbox 647 3957 767 4010; x_wconf 81' lang='lat' dir='ltr'>Scaldum</span> <span class='ocrx_word' id='word_1_314' title='bbox 781 3965 900 4016; x_wconf 86' lang='lat' dir='ltr'>tuentur,</span> <span class='ocrx_word' id='word_1_315' title='bbox 911 3954 939 4006; x_wconf 88' lang='lat' dir='ltr'>bi</span> <span class='ocrx_word' id='word_1_316' title='bbox 948 3953 989 4006; x_wconf 86' lang='lat' dir='ltr'>vel</span> <span class='ocrx_word' id='word_1_317' title='bbox 998 3973 1094 4006; x_wconf 80' lang='lat' dir='ltr'>enasse</span> <span class='ocrx_word' id='word_1_318' title='bbox 1108 3953 1172 4006; x_wconf 85' lang='lat' dir='ltr'>Cac-</span> 
     </span>
     <span class='ocr_line' id='line_1_55' title="bbox 647 4021 1172 4090; baseline -0.006 -14"><span class='ocrx_word' id='word_1_319' title='bbox 647 4044 731 4076; x_wconf 85' lang='lat' dir='ltr'>sarem</span> <span class='ocrx_word' id='word_1_320' title='bbox 749 4024 854 4090; x_wconf 89' lang='lat' dir='ltr'>dicunt,</span> <span class='ocrx_word' id='word_1_321' title='bbox 872 4023 913 4076; x_wconf 81' lang='lat' dir='ltr'>vel</span> <span class='ocrx_word' id='word_1_322' title='bbox 936 4021 1016 4074; x_wconf 84' lang='lat' dir='ltr'>uliam</span> <span class='ocrx_word' id='word_1_323' title='bbox 1042 4039 1109 4073; x_wconf 90' lang='lat' dir='ltr'>nunc</span> <span class='ocrx_word' id='word_1_324' title='bbox 1133 4023 1172 4073; x_wconf 81' lang='lat' dir='ltr'>l&#39;u·</span> 
     </span>
     <span class='ocr_line' id='line_1_56' title="bbox 647 4089 1171 4150; baseline -0.004 -6"><span class='ocrx_word' id='word_1_325' title='bbox 647 4094 714 4145; x_wconf 88' lang='lat' dir='ltr'>ciem</span> <span class='ocrx_word' id='word_1_326' title='bbox 731 4089 823 4142; x_wconf 77' lang='lat' dir='ltr'>honam</span> <span class='ocrx_word' id='word_1_327' title='bbox 841 4091 978 4142; x_wconf 85' lang='lat' dir='ltr'>llumluutu</span> <span class='ocrx_word' id='word_1_328' title='bbox 986 4127 994 4150; x_wconf 94' lang='lat'>,</span> <span class='ocrx_word' id='word_1_329' title='bbox 1006 4107 1088 4142; x_wconf 65' lang='lat' dir='ltr'>mersu</span> <span class='ocrx_word' id='word_1_330' title='bbox 1102 4091 1171 4142; x_wconf 73' lang='lat' dir='ltr'>forte</span> 
     </span>
     <span class='ocr_line' id='line_1_57' title="bbox 648 4157 1172 4228; baseline 0 -18"><span class='ocrx_word' id='word_1_331' title='bbox 648 4168 727 4212; x_wconf 82' lang='lat' dir='ltr'>terrac</span> <span class='ocrx_word' id='word_1_332' title='bbox 746 4167 833 4228; x_wconf 85' lang='lat' dir='ltr'>parte,</span> <span class='ocrx_word' id='word_1_333' title='bbox 852 4177 993 4228; x_wconf 85' lang='lat' dir='ltr'>perquam</span> <span class='ocrx_word' id='word_1_334' title='bbox 1019 4157 1120 4210; x_wconf 78' lang='lat' dir='ltr'>Scaldis</span> <span class='ocrx_word' id='word_1_335' title='bbox 1137 4157 1172 4210; x_wconf 88' lang='lat' dir='ltr'>nd</span> 
     </span>
     <span class='ocr_line' id='line_1_58' title="bbox 646 4223 1170 4278; baseline -0.01 0"><span class='ocrx_word' id='word_1_336' title='bbox 646 4227 749 4278; x_wconf 80' lang='lat' dir='ltr'>Mosam</span> <span class='ocrx_word' id='word_1_337' title='bbox 777 4225 934 4278; x_wconf 72' lang='lat' dir='ltr'>decurrerit·</span> <span class='ocrx_word' id='word_1_338' title='bbox 961 4223 1097 4276; x_wconf 71' lang='lat' dir='ltr'>Celtarum</span> <span class='ocrx_word' id='word_1_339' title='bbox 1127 4225 1170 4276; x_wconf 79' lang='lat' dir='ltr'>Cf.</span> 
     </span>
     <span class='ocr_line' id='line_1_59' title="bbox 646 4292 1171 4354; baseline -0.004 -8"><span class='ocrx_word' id='word_1_340' title='bbox 646 4313 676 4354; x_wconf 83' lang='lat'>2,</span> <span class='ocrx_word' id='word_1_341' title='bbox 698 4297 735 4342; x_wconf 81' lang='lat'>16.</span> <span class='ocrx_word' id='word_1_342' title='bbox 758 4297 794 4346; x_wconf 67' lang='lat'>18.</span> <span class='ocrx_word' id='word_1_343' title='bbox 812 4292 835 4343; x_wconf 84' lang='lat' dir='ltr'>E</span> <span class='ocrx_word' id='word_1_344' title='bbox 852 4293 983 4345; x_wconf 83' lang='lat' dir='ltr'>contrario</span> <span class='ocrx_word' id='word_1_345' title='bbox 1006 4292 1126 4344; x_wconf 83' lang='lat' dir='ltr'>Davisius</span> <span class='ocrx_word' id='word_1_346' title='bbox 1144 4304 1171 4344; x_wconf 89' lang='lat' dir='ltr'>et</span> 
     </span>
    </p>
   </div>
   <div class='ocr_carea' id='block_1_11' title="bbox 645 4357 1171 4428">
    <p class='ocr_par' dir='ltr' id='par_1_13' title="bbox 645 4357 1171 4428">
     <span class='ocr_line' id='line_1_60' title="bbox 645 4357 1171 4428; baseline 0 -14"><span class='ocrx_word' id='word_1_347' title='bbox 645 4359 768 4418; x_wconf 83' lang='lat' dir='ltr'>Oudend.</span> <span class='ocrx_word' id='word_1_348' title='bbox 787 4357 854 4414; x_wconf 76' lang='lat' dir='ltr'>ulios</span> <span class='ocrx_word' id='word_1_349' title='bbox 876 4369 992 4417; x_wconf 77' lang='lat' dir='ltr'>auctoru</span> <span class='ocrx_word' id='word_1_350' title='bbox 1015 4360 1171 4428; x_wconf 67' lang='lat' dir='ltr'>recentiores</span> 
     </span>
    </p>
   </div>
   <div class='ocr_carea' id='block_1_12' title="bbox 0 0 1504 5268">
    <p class='ocr_par' dir='ltr' id='par_1_14' title="bbox 0 0 1504 5268">
     <span class='ocr_line' id='line_1_61' title="bbox 0 0 1504 5268; baseline 0 1"><span class='ocrx_word' id='word_1_351' title='bbox 0 0 1504 5268; x_wconf 95' lang='lat' dir='ltr'> </span> 
     </span>
    </p>
   </div>
  </div>
 </body>
</html>
